=LDR  00000nam a2200000Ia 45e0
=008  250523s9999\\\\xx\\\\\\\\\\\\000\0\und\d
=100  \\$aIyana, Jennefer Balleser  
=245  \2$aA 90-Day Culture of Freshwater Catfish (Clarias Macrocephalus) Fed with Grated Coconut
=245  \0$bby Jennefer Balleser Iyana
=260  \\$aCalape, Bohol
=260  \\$bBohol Island State University - Calape Campus
=260  \\$c2004
=300  \\$axi, 44 leaves
=876  \\$aBISU-CL-000001
=876  \\$bBISUCAL-T-2023000311
=876  \\$hFor room use only
=876  \\$jInventoried
=876  \\$tCopy 1

