=LDR  00000nam a2200000Ia 45e0
=008  250523s9999\\\\xx\\\\\\\\\\\\000\0\und\d
=100  \\$aBaliar, Jr., Bonifacio Andoy  
=245  \2$aA 90-Day Culturing of Native Freshwater Catfish (Clarias Macrocephalus) in a Net Cage Fed with Kitchen Refuse and Golden Apple Snail
=245  \0$bby Bonifacio Andoy Baliar, Jr.
=260  \\$aCalape, Bohol
=260  \\$bBohol Island State University - Calape Campus
=260  \\$c2004
=300  \\$axi, 50 leaves
=876  \\$aBISU-CL-000002
=876  \\$bBISUCAL-T-2023000312
=876  \\$hFor room use only
=876  \\$jInventoried
=876  \\$tCopy 1

