=LDR  00000nam a2200000Ia 45e0
=008  250523s9999\\\\xx\\\\\\\\\\\\000\0\und\d
=100  \\$aPacot, Pancrasio Mula  
=245  \2$aA Comparative Study of Common Carp With Cron Bran and Pellets Feeds
=245  \0$bby Pancrasio Mula Pacot
=260  \\$aCalape, Bohol
=260  \\$bBohol Island State University - Calape Campus
=260  \\$c2004
=300  \\$axi, 65 leaves
=876  \\$aBISU-CL-000003
=876  \\$bBISUCAL-T-2023000313
=876  \\$hFor room use only
=876  \\$jInventoried
=876  \\$tCopy 1

