=LDR  00000nam a2200000Ia 45e0
=008  250523s9999\\\\xx\\\\\\\\\\\\000\0\und\d
=100  \\$aRoferos, Juvelyn
=245  \2$aA Comparative Study of Genetically Enhanced Tilapia Get-Excel (Oreochromis Niloticus) Reared for Three Months in Freshwater Pond Fed with Formulated Feeds and Corn Bran
=245  \0$bby Juvelyn Roferos, Willy Bonilla, Erwin Dumalauron and Licar Abarquez
=260  \\$aCalape, Bohol
=260  \\$bBohol Island State University - Calape Campus
=260  \\$c2006
=300  \\$ax, 51 leaves
=700  \\$aErwin Dumalauron
=700  \\$aLicar Abarquez
=700  \\$aWilly Bonilla
=876  \\$aBISU-CL-000004
=876  \\$bBISUCAL-T-2023000314
=876  \\$hFor room use only
=876  \\$jInventoried
=876  \\$tCopy 1

