=LDR  00000nam a2200000Ia 45e0
=008  250523s9999\\\\xx\\\\\\\\\\\\000\0\und\d
=100  \\$aPecolados, Jeffrey 
=245  \2$aA Comparative Study of Milkfish (Chanos Chanos Forskal) Cultured for 90 Days in a Net Cage Fed with Hog Pellets and with Fish Pellets; A Proposal for Increasing Fish Production
=245  \0$bby Jeffrey Pecolados and Roland Bulala
=260  \\$aCalape, Bohol
=260  \\$bBohol Island State University - Calape Campus
=260  \\$c2005
=300  \\$aviii, 44 leaves
=700  \\$aRoland Bulala
=876  \\$aBISU-CL-000005
=876  \\$bBISUCAL-T-2023000315
=876  \\$hFor room use only
=876  \\$jInventoried
=876  \\$tCopy 1

