=LDR  00000nam a2200000Ia 45e0
=008  250523s9999\\\\xx\\\\\\\\\\\\000\0\und\d
=100  \\$aJusoy, Rogelio
=245  \2$aA Comparative Study of Nile Tilapia (Oreochromis Niloticus) in a Concrete Tank Fed with Formulated Feeds for 90 Days with Desired Protein Level of 35% and 45% Increase Production of Nile Tilapia
=245  \0$bby Rogelio Jusoy, Maricel Ligumbres and Salvino Cutara
=260  \\$aCalape, Bohol
=260  \\$bBohol Island State University - Calape Campus
=260  \\$c2005
=300  \\$aix, 44 leaves
=700  \\$aMaricel Ligumbres
=700  \\$aSalvino Cutara
=876  \\$aBISU-CL-000006
=876  \\$bBISUCAL-T-2023000316
=876  \\$hFor room use only
=876  \\$jInventoried
=876  \\$tCopy 1

