=LDR  00000nam a2200000Ia 45e0
=008  250523s9999\\\\xx\\\\\\\\\\\\000\0\und\d
=100  \\$aSevilla, Jerry
=245  \2$aA Comparative Study on the Growth of Cage Javan SIganid (Theutis Javus Linnaeus) Fed with Kangkong, Camote Tops at Lawi Bay, Pangangan, Calape, Bohol SY: 2005-2006
=245  \0$bby Jerry Sevilla, Juvy Gulayan and Rodel Amisola
=260  \\$aCalape, Bohol
=260  \\$bBohol Island State University - Calape Campus
=260  \\$c2006
=300  \\$ax, 35 leaves
=700  \\$aJuvy Gulayan
=700  \\$aRodel Amisola
=876  \\$aBISU-CL-000007
=876  \\$bBISUCAL-T-2023000317
=876  \\$hFor room use only
=876  \\$jInventoried
=876  \\$tCopy 1

