=LDR  00000nam a2200000Ia 45e0
=008  250523s9999\\\\xx\\\\\\\\\\\\000\0\und\d
=100  \\$aSalinas, Judelyn S.  
=245  \2$aA Report on the Practice-in-Industry Training in Fish Processing Technology
=245  \0$bby Judelyn S. Salinas
=260  \\$aCalape, Bohol
=260  \\$bBohol Island State University - Calape Campus
=260  \\$c1999
=300  \\$aviii, 61 leaves
=876  \\$aBISU-CL-000010
=876  \\$bBISUCAL-T-2023000320
=876  \\$hFor room use only
=876  \\$jInventoried
=876  \\$tCopy 1

