=LDR  00000nam a2200000Ia 45e0
=008  250523s9999\\\\xx\\\\\\\\\\\\000\0\und\d
=100  \\$aQuilario, Leizel
=245  \2$aA Report on the Practice-in-Industry Training in Fish Processing Technology
=245  \0$bby Leizel Quilario
=260  \\$aCalape, Bohol
=260  \\$bBohol Island State University - Calape Campus
=260  \\$c1999
=300  \\$ax, 56 leaves
=876  \\$aBISU-CL-000011
=876  \\$bBISUCAL-T-2023000321
=876  \\$hFor room use only
=876  \\$jInventoried
=876  \\$tCopy 1

