=LDR  00000nam a2200000Ia 45e0
=008  250523s9999\\\\xx\\\\\\\\\\\\000\0\und\d
=100  \\$aCadenas, Ronilo M.  
=245  \2$aA report on the Practice-in-Industry Training in Inland Fisheries Technology
=245  \0$bby Ronilo M. Cadenas
=260  \\$aCalape, Bohol
=260  \\$bBohol Island State University - Calape Campus
=260  \\$c1999
=300  \\$ax, 24 leaves
=876  \\$aBISU-CL-000014
=876  \\$bBISUCAL-T-2023000324
=876  \\$hFor room use only
=876  \\$jInventoried
=876  \\$tCopy 1

