=LDR  00000nam a2200000Ia 45e0
=008  250523s9999\\\\xx\\\\\\\\\\\\000\0\und\d
=100  \\$aCandug, Jr., Victorio L.  
=245  \2$aA Report on the Practice-in-Industry Training in Inland Fisheries Technology
=245  \0$bby Victorio L. Candug Jr.
=260  \\$aCalape, Bohol
=260  \\$bBohol Island State University - Calape Campus
=260  \\$c1996
=300  \\$axi, 64 leaves
=876  \\$aBISU-CL-000015
=876  \\$bBISUCAL-T-2023000325
=876  \\$hFor room use only
=876  \\$jInventoried
=876  \\$tCopy 1

