=LDR  00000nam a2200000Ia 45e0
=008  250523s9999\\\\xx\\\\\\\\\\\\000\0\und\d
=100  \\$aMellejor, Eddie Cejas  
=245  \2$aA Study of Three Months Culturing Nile Tilapia (Oreochromis Niloticus) in a Concrete Tank Using Commercial Feeds: Proposed Increased Production of Nile Tilapia
=245  \0$bby Eddie Cejas Mellejor
=260  \\$aCalape, Bohol
=260  \\$bBohol Island State University - Calape Campus
=260  \\$c2004
=300  \\$axi, 51 leaves
=876  \\$aBISU-CL-000016
=876  \\$bBISUCAL-T-2023000326
=876  \\$hFor room use only
=876  \\$jInventoried
=876  \\$tCopy 1

