=LDR  00000nam a2200000Ia 45e0
=008  250523s9999\\\\xx\\\\\\\\\\\\000\0\und\d
=100  \\$aRemerata, Arlene   
=245  \2$aA Three-Month Comparative Study of Nile Tilapia (Oreochromis Niloticos) Fed with Commercial Feeds and Dried Piggery Waste
=245  \0$bby Arlene Remerata, Rene Bag-o and Roy Balaso
=260  \\$aCalape, Bohol
=260  \\$bBohol Island State University - Calape Campus
=260  \\$c2006
=300  \\$ax, 42 leaves
=700  \\$aRene Bag-o
=700  \\$aRoy Balaso
=876  \\$aBISU-CL-000017
=876  \\$bBISUCAL-T-2023000327
=876  \\$hFor room use only
=876  \\$jInventoried
=876  \\$tCopy 1

