=LDR  00000nam a2200000Ia 45e0
=008  250523s9999\\\\xx\\\\\\\\\\\\000\0\und\d
=100  \\$aAstronomo, Joel   
=245  \2$aA Three-Month Study of Fresh Water Catfish (Clarias Batrachus) Fed with Commercial Feeds and Kitchen Leftover in Canvas Tank, SY: 2005-2006
=245  \0$bby Joel Astronomo, Avito Cano Jr. and Ester Gulle
=260  \\$aCalape, Bohol
=260  \\$bBohol Island State University - Calape Campus
=260  \\$c2006
=300  \\$axi, 30 leaves
=700  \\$aAvito Cano Jr.
=700  \\$aEster Gulle
=876  \\$aBISU-CL-000018
=876  \\$bBISUCAL-T-2023000328
=876  \\$hFor room use only
=876  \\$jInventoried
=876  \\$tCopy 1

