=LDR  00000nam a2200000Ia 45e0
=008  250523s9999\\\\xx\\\\\\\\\\\\000\0\und\d
=100  \\$aTacatani, Benjie T.  
=245  \0$aAbundance of Abalone (Haliotis Asinina) in Mantatao Island, Calape, Bohol, Philippines: Its Implication to Conservation Measures
=245  \0$bby Benjie T. Tacatani, Artemio B. Busalanan and Mevelyn R. Mosequera
=260  \\$aCalape, Bohol
=260  \\$bBohol Island State University - Calape Campus
=260  \\$c2014
=300  \\$aviii, 53 leaves
=700  \\$aArtemio B. Busalanan
=700  \\$aMevelyn R. Mosequera
=876  \\$aBISU-CL-000019
=876  \\$bBISUCAL-T-2023000329
=876  \\$hFor room use only
=876  \\$jInventoried
=876  \\$tCopy 1

