=LDR  00000nam a2200000Ia 45e0
=008  250523s9999\\\\xx\\\\\\\\\\\\000\0\und\d
=100  \\$aGunayan, Rab C.   
=245  \0$aAbundance of Sea Snails from Family Strombidae in Mantatao Island, Calape, Bohol: Basis for Conservation Measures
=245  \0$bby Rabby C. Gunayan, Philip Nino S. Belano and Camille Ross V. Cosadio
=260  \\$aCalape, Bohol
=260  \\$bBohol Island State University - Calape Campus
=260  \\$c2014
=300  \\$aviii, 68 leaves
=700  \\$aCamille Ross V. Cosadio
=700  \\$aPhilip Nino S. Belano
=876  \\$aBISU-CL-000020
=876  \\$bBISUCAL-T-2023000330
=876  \\$hFor room use only
=876  \\$jInventoried
=876  \\$tCopy 1

