=LDR  00000nam a2200000Ia 45e0
=008  250523s9999\\\\xx\\\\\\\\\\\\000\0\und\d
=100  \\$aMadria, Janine G.  
=245  \0$aAcceptability of Sea Grapes (Caulerpa Lentillifera) Nori Using Different Types of Soaking Solutions: A Proposed Product Utilization
=245  \0$bby Janine G. Madria and Gladys P. Cruto
=260  \\$aCalape, Bohol
=260  \\$bBohol Island State University - Calape Campus
=260  \\$c2022
=300  \\$axi, 114 leaves
=700  \\$aGladys P. Cruto
=876  \\$aBISU-CL-000021
=876  \\$bBISUCAL-T-2023000331
=876  \\$hFor room use only
=876  \\$jInventoried
=876  \\$tCopy 1

