=LDR  00000nam a2200000Ia 45e0
=008  250523s9999\\\\xx\\\\\\\\\\\\000\0\und\d
=100  \\$aAbuyador, Dianna Mae  
=245  \0$aAcceptability of Seaweed Eucheuma Cottonii Pasta with Powderized Oyster Shell: For a Proposed Fishery Product Utilization
=245  \0$bby Dianna Mae Abuyador and Cindy Julyn D. De Vera
=260  \\$aCalape, Bohol
=260  \\$bBohol Island State University - Calape Campus
=260  \\$c2022
=300  \\$ax, 109 leaves
=700  \\$aCindy Julyn D. De Vera
=876  \\$aBISU-CL-000022
=876  \\$bBISUCAL-T-2023000332
=876  \\$hFor room use only
=876  \\$jInventoried
=876  \\$tCopy 1

