=LDR  00000nam a2200000Ia 45e0
=008  250523s9999\\\\xx\\\\\\\\\\\\000\0\und\d
=100  \\$aVallente, Dolcie C.  
=245  \0$aAcceptability of Snapping Shrimp (Alpheus Sp.) Head in Making Broth Cube
=245  \0$bby Dolcie C. Vallente and Adrian C. Cabrera
=260  \\$aCalape, Bohol
=260  \\$bBohol Island State University - Calape Campus
=260  \\$c2022
=300  \\$aix, 75 leaves
=700  \\$aAdrian C. Cabrera
=876  \\$aBISU-CL-000023
=876  \\$bBISUCAL-T-2023000333
=876  \\$hFor room use only
=876  \\$jInventoried
=876  \\$tCopy 1

