=LDR  00000nam a2200000Ia 45e0
=008  250523s9999\\\\xx\\\\\\\\\\\\000\0\und\d
=100  \\$aMonreal, Renelyn   
=245  \0$aAcceptability of Wedge Sea Hare (Dolabella Auricularia) Egg Mass and Powderize Fish Bones in Making Pasta: For a Proposed Fishery Product Utilization
=245  \0$bby Renelyn Monreal and Jessa Mae Suhayon
=260  \\$aCalape, Bohol
=260  \\$bBohol Island State University - Calape Campus
=260  \\$c2022
=300  \\$axi, 113 leaves
=700  \\$aJessa Mae Suhayon
=876  \\$aBISU-CL-000024
=876  \\$bBISUCAL-T-2023000334
=876  \\$hFor room use only
=876  \\$jInventoried
=876  \\$tCopy 1

