=LDR  00000nam a2200000Ia 45e0
=008  250523s9999\\\\xx\\\\\\\\\\\\000\0\und\d
=100  \\$aRebucas, Rolando M.  
=245  \0$aAdaptability of Abalone (Haliotis Asinina) in Brackishwater
=245  \0$bby Rolando M. Rebucas, Dominic M. Tampos and Ma. Genevieve C. Rabino
=260  \\$aCalape, Bohol
=260  \\$bBohol Island State University - Calape Campus
=260  \\$c2008
=300  \\$ax, 64 leaves
=700  \\$aDominic M. Tampos
=700  \\$aMa. Genevieve C. Rabino
=876  \\$aBISU-CL-000025
=876  \\$bBISUCAL-T-2023000335
=876  \\$hFor room use only
=876  \\$jInventoried
=876  \\$tCopy 1

