=LDR  00000nam a2200000Ia 45e0
=008  250523s9999\\\\xx\\\\\\\\\\\\000\0\und\d
=100  \\$aGara, Nolan B.  
=245  \0$aAdaptability of Caulerpa (Caulerpa Lentillifera) Culture in Brackish Water Environment
=245  \0$bby Nolan B. Gara, Jorge S. Astronomo, Ernesto C. Lanzaderas and Ephraim L. Mencede
=260  \\$aCalape, Bohol
=260  \\$bBohol Island State University - Calape Campus
=260  \\$c2007
=300  \\$axi, 50 leaves
=700  \\$aEphraim L. Mencede
=700  \\$aErnesto C. Lanzaderas
=700  \\$aJorge S. Astronomo
=876  \\$aBISU-CL-000026
=876  \\$bBISUCAL-T-2023000336
=876  \\$hFor room use only
=876  \\$jInventoried
=876  \\$tCopy 1

