=LDR  00000nam a2200000Ia 45e0
=008  250523s9999\\\\xx\\\\\\\\\\\\000\0\und\d
=100  \\$aTapia, Mechaela Jane  
=245  \0$aAfrican Catfish (Clarias Gariepinus) with Pechay (Brassica Chinensis) Cultured in Simple Non-Recirculating Aquaponics System: For Culture Management Program
=245  \0$bby Mechaela Jane Tapia and Juvie G. Ramiso
=260  \\$aCalape, Bohol
=260  \\$bBohol Island State University - Calape Campus
=260  \\$c2022
=300  \\$ax, 94 leaves
=700  \\$aJuvie G. Ramiso
=876  \\$aBISU-CL-000028
=876  \\$bBISUCAL-T-2023000338
=876  \\$hFor room use only
=876  \\$jInventoried
=876  \\$tCopy 1

