=LDR  00000nam a2200000Ia 45e0
=008  250523s9999\\\\xx\\\\\\\\\\\\000\0\und\d
=100  \\$aQuilario, Stephen Leonard G.
=245  \0$aAssessment of Fecundity Rate of Pistol Shrimp (Alpheus Sp.) in Selected Coastal Areas in Calape
=245  \0$bby Stephen Leonard G. Quilario, Jeffrey C. Lajera, Ephraim L. Recomata and Aniceto R. Palma Jr.
=260  \\$aCalape, Bohol
=260  \\$bBohol Island State University - Calape Campus
=260  \\$c2007
=300  \\$axi, 73 leaves
=700  \\$aAniceto R. Palma Jr.
=700  \\$aEphraim L. Recomata
=700  \\$aJeffrey C. Lajera
=876  \\$aBISU-CL-000029
=876  \\$bBISUCAL-T-2023000339
=876  \\$hFor room use only
=876  \\$jInventoried
=876  \\$tCopy 1

