=LDR  00000nam a2200000Ia 45e0
=008  250523s9999\\\\xx\\\\\\\\\\\\000\0\und\d
=100  \\$aCaro, Julius R.  
=245  \0$aAssessment of Mangrove Protection and Conservation Measure: Its Implication to Environmental Resource Management Program
=245  \0$bby Julius R. Caro, Nerio C. Tampon Jr, Jerson A. Samuya and Joey R. Saldana
=260  \\$aCalape, Bohol
=260  \\$bBohol Island State University - Calape Campus
=260  \\$c2007
=300  \\$axii, 53 leaves
=700  \\$aJerson A. Samuya
=700  \\$aJoey R. Saldana
=700  \\$aNerio C. Tampon Jr
=876  \\$aBISU-CL-000030
=876  \\$bBISUCAL-T-2023000340
=876  \\$hFor room use only
=876  \\$jInventoried
=876  \\$tCopy 1

