=LDR  00000nam a2200000Ia 45e0
=008  250523s9999\\\\xx\\\\\\\\\\\\000\0\und\d
=100  \\$aVillorejo, Mark Joseph B.
=245  \0$aBacterial Count Level in Calape Bay with and without Fish Cages: It's Implication to Culture Management Program
=245  \0$bby Mark Joseph B. Villorejo, Jonathan A. Magsayo and Elvie D. Ballares
=260  \\$aCalape, Bohol
=260  \\$bBohol Island State University - Calape Campus
=260  \\$c2015
=300  \\$aviii, 71 leaves
=700  \\$aElvie D. Ballares
=700  \\$aJonathan A. Magsayo
=876  \\$aBISU-CL-000032
=876  \\$bBISUCAL-T-2023000342
=876  \\$hFor room use only
=876  \\$jInventoried
=876  \\$tCopy 1

