=LDR  00000nam a2200000Ia 45e0
=008  250523s9999\\\\xx\\\\\\\\\\\\000\0\und\d
=100  \\$aValenzuela, Sarah Jane C.
=245  \0$aCharacteristics of Seahare (Dolabella Auricularia) Egg Mass Using Different Macroalgae: Basis for Culture Management Program
=245  \0$bby Sarah Jane C. Valenzuela, Sherry Ann H. Salutan and Domenick P. Restauro
=260  \\$aCalape, Bohol
=260  \\$bBohol Island State University - Calape Campus
=260  \\$c2018
=300  \\$aviii, 71 leaves
=700  \\$aDomenick P. Restauro
=700  \\$aSherry Ann H. Salutan
=876  \\$aBISU-CL-000033
=876  \\$bBISUCAL-T-2023000343
=876  \\$hFor room use only
=876  \\$jInventoried
=876  \\$tCopy 1

