=LDR  00000nam a2200000Ia 45e0
=008  250523s9999\\\\xx\\\\\\\\\\\\000\0\und\d
=100  \\$aCanada, Japhet B.  
=245  \0$aCharacterization of Pacific Tiger Lucine (Codakia Tigerina) in Pangangan Island, Calape, Bohol: Its Implication to Conservation Measures
=245  \0$bby Japhet B. Canada, Jocelle Ann R. Andoy, Mary Joy R. Forones and Edmar F. Alipos
=260  \\$aCalape, Bohol
=260  \\$bBohol Island State University - Calape Campus
=260  \\$c2016
=300  \\$aix, 71 leaves
=700  \\$aEdmar F. Alipos
=700  \\$aJocelle Ann R. Andoy
=700  \\$aMary Joy R. Forones
=876  \\$aBISU-CL-000034
=876  \\$bBISUCAL-T-2023000344
=876  \\$hFor room use only
=876  \\$jInventoried
=876  \\$tCopy 1

