=LDR  00000nam a2200000Ia 45e0
=008  250523s9999\\\\xx\\\\\\\\\\\\000\0\und\d
=100  \\$aHurano, Cherelyn A.  
=245  \0$aCharacterization of Razor Shell (Pharus Legumen) in San Isidro, Calape, Bohol: Its Implication to Conservation Measures
=245  \0$bby Cherelyn A. Hurano, Irish E. Batonghinog, Sherwin R. Bone and Jesselle T. Opiala
=260  \\$aCalape, Bohol
=260  \\$bBohol Island State University - Calape Campus
=260  \\$c2017
=300  \\$aix, 78 leaves
=700  \\$aIrish E. Batonghinog
=700  \\$aJesselle T. Opiala
=700  \\$aSherwin R. Bone
=876  \\$aBISU-CL-000035
=876  \\$bBISUCAL-T-2023000345
=876  \\$hFor room use only
=876  \\$jInventoried
=876  \\$tCopy 1

