=LDR  00000nam a2200000Ia 45e0
=008  250523s9999\\\\xx\\\\\\\\\\\\000\0\und\d
=100  \\$aPocot, Gil Vincent S.
=245  \0$aCulture of Caulerpa Lentillifera Using Sowing and Tray Method in Brackishwater Pond
=245  \0$bby Gil Vincent S. Pocot, Julie Ann D. Gabi, Christine A. Alag and Arvin A. Coloso
=260  \\$aCalape, Bohol
=260  \\$bBohol Island State University - Calape Campus
=260  \\$c2014
=300  \\$aviii, 53 leaves
=700  \\$aArvin A. Coloso
=700  \\$aChristine A. Alag
=700  \\$aJulie Ann D. Gabi
=876  \\$aBISU-CL-000036
=876  \\$bBISUCAL-T-2023000346
=876  \\$hFor room use only
=876  \\$jInventoried
=876  \\$tCopy 1

