=LDR  00000nam a2200000Ia 45e0
=008  250523s9999\\\\xx\\\\\\\\\\\\000\0\und\d
=100  \\$aGoopio, Pacifico Jr. II
=245  \0$aCulture of Common Carp (Cyprinus Carpio) and African Catfish (Clarias Gariepinus) Using Different Feed Types: Its Implication to Feeding Management Program
=245  \0$bby Pacifico Jr. II P. Goopio and Jessebelle G. Jaculba
=260  \\$aCalape, Bohol
=260  \\$bBohol Island State University - Calape Campus
=260  \\$c2022
=300  \\$ax, 97 leaves
=700  \\$aJessebelle G. Jaculba
=876  \\$aBISU-CL-000037
=876  \\$bBISUCAL-T-2023000347
=876  \\$hFor room use only
=876  \\$jInventoried
=876  \\$tCopy 1

