=LDR  00000nam a2200000Ia 45e0
=008  250523s9999\\\\xx\\\\\\\\\\\\000\0\und\d
=100  \\$aMellijor, Roger 
=245  \0$aCulturing of Siganid (Siganus Canallculatus) Reared in Hapa Fed with Algae and Commercial Feeds
=245  \0$bby Roger Mellijor, Maylin Roslinda, Carlito Mamac, Randy Decolongon
=260  \\$aCalape, Bohol
=260  \\$bBohol Island State University - Calape Campus
=260  \\$c2006
=300  \\$aix, 39 leaves
=700  \\$aCarlito Mamac
=700  \\$aMaylin Roslinda
=700  \\$aRandy Decolongon
=876  \\$aBISU-CL-000038
=876  \\$bBISUCAL-T-2023000348
=876  \\$hFor room use only
=876  \\$jInventoried
=876  \\$tCopy 1

