=LDR  00000nam a2200000Ia 45e0
=008  250523s9999\\\\xx\\\\\\\\\\\\000\0\und\d
=100  \\$aBituin, Jenefer T.  
=245  \0$aDifferent Stocking Densities of Nile Tilapia (Oreochromis Niloticus) in Integrated Rice-Fish Culture in Bansalan, Calape, Bohol
=245  \0$bby Jenefer T. Bituin and Rene P. Rebucas
=260  \\$aCalape, Bohol
=260  \\$bBohol Island State University - Calape Campus
=260  \\$c2021
=300  \\$ax, 84 leaves
=700  \\$aRene P. Rebucas
=876  \\$aBISU-CL-000039
=876  \\$bBISUCAL-T-2023000349
=876  \\$hFor room use only
=876  \\$jInventoried
=876  \\$tCopy 1

