=LDR  00000nam a2200000Ia 45e0
=008  250523s9999\\\\xx\\\\\\\\\\\\000\0\und\d
=100  \\$aLorejo, Pamela M.  
=245  \0$aDifferent Stocking Density in Nursery Phase of Nile Tilapia (Oreochromis Niloticus) in Isda't Gabi Culture at Bansalan, Calape, Bohol: Basis for Culture Management Program
=245  \0$bby Pamela M. Lorejo and Eutiquio E. Astronomo jr.
=260  \\$aCalape, Bohol
=260  \\$bBohol Island State University - Calape Campus
=260  \\$c2021
=300  \\$aix, 94 leaves
=700  \\$aEutiquio E. Astronomo jr.
=876  \\$aBISU-CL-000040
=876  \\$bBISUCAL-T-2023000350
=876  \\$hFor room use only
=876  \\$jInventoried
=876  \\$tCopy 1

