=LDR  00000nam a2200000Ia 45e0
=008  250523s9999\\\\xx\\\\\\\\\\\\000\0\und\d
=100  \\$aDecenilla, Rosarie L.  
=245  \0$aDocumentation of Bigfin Reef Squid (Sepioteuthis Lessoniana) Catching Practices Used by the Gatherer in Mantatao Island, Calape, Bohol: Basis for Conservation Measures
=245  \0$bby Rosarie L. Decenilla, Ellen gay P. Yosores and Ronel P. Campana
=260  \\$aCalape, Bohol
=260  \\$bBohol Island State University - Calape Campus
=260  \\$c2018
=300  \\$aix, 60 leaves
=700  \\$aEllen gay P. Yosores
=700  \\$aRonel P. Campana
=876  \\$aBISU-CL-000041
=876  \\$bBISUCAL-T-2023000351
=876  \\$hFor room use only
=876  \\$jInventoried
=876  \\$tCopy 1

