=LDR  00000nam a2200000Ia 45e0
=008  250523s9999\\\\xx\\\\\\\\\\\\000\0\und\d
=100  \\$aMante, Mary Rose P.
=245  \0$aDocumentation of Clams Species in Mantatao Island, Calape, Bohol: It's Implication to Resource Conservation Program
=245  \0$bby Mary Rose P. Mante, Merly R. Ramada and Sheramie R. Abo-Abo
=260  \\$aCalape, Bohol
=260  \\$bBohol Island State University - Calape Campus
=260  \\$c2015
=300  \\$aviii, 59 leaves
=700  \\$aMerly R. Ramada
=700  \\$aSheramie R. Abo-Abo
=876  \\$aBISU-CL-000042
=876  \\$bBISUCAL-T-2023000352
=876  \\$hFor room use only
=876  \\$jInventoried
=876  \\$tCopy 1

