=LDR  00000nam a2200000Ia 45e0
=008  250523s9999\\\\xx\\\\\\\\\\\\000\0\und\d
=100  \\$aPerez, Chelsie S.  
=245  \0$aDocumentation of Common Fish Caught in Fish Corral in the Selected Municipalities of Bohol: Its Implication to Capture Management Program
=245  \0$bby Chelsie S. Perez, Josephine V. Remperas and Leslie N. Baquial
=260  \\$aCalape, Bohol
=260  \\$bBohol Island State University - Calape Campus
=260  \\$c2018
=300  \\$aviii, 68 leaves
=700  \\$aJosephine V. Remperas
=700  \\$aLeslie N. Baquial
=876  \\$aBISU-CL-000043
=876  \\$bBISUCAL-T-2023000353
=876  \\$hFor room use only
=876  \\$jInventoried
=876  \\$tCopy 1

