=LDR  00000nam a2200000Ia 45e0
=008  250523s9999\\\\xx\\\\\\\\\\\\000\0\und\d
=100  \\$aNicanor, Rio A.  
=245  \0$aEffects of Light on Growth and Survival of Pompano (Trachinotus Blochii) Cultured in Brackishwater Pond
=245  \0$bby Rio A. Nicanor, Geraldine S. Baquial, Allan Q. Minguito, Lenie Fhe P. Logrono and Glenn M. Bague
=260  \\$aCalape, Bohol
=260  \\$bBohol Island State University - Calape Campus
=260  \\$c2014
=300  \\$aviii, 72 leaves
=700  \\$aAllan Q. Minguito
=700  \\$aGeraldine S. Baquial
=700  \\$aLenie Fhe P. Logrono
=876  \\$aBISU-CL-000044
=876  \\$bBISUCAL-T-2023000354
=876  \\$hFor room use only
=876  \\$jInventoried
=876  \\$tCopy 1

