=LDR  00000nam a2200000Ia 45e0
=008  250523s9999\\\\xx\\\\\\\\\\\\000\0\und\d
=100  \\$aBabor, Alvin B.  
=245  \0$aFeeding Preferences of Mudcrab (Scylla Serrata) Using Crates in Floating Production System Culture: Basis for Feeding Management Program
=245  \0$bby Alvin B. Babor, Kent Joseph C. Labiano, Ma. Anjanette B. Baquiran, Bernadeth B. Ranola and Irien G. Inso
=260  \\$aCalape, Bohol
=260  \\$bBohol Island State University - Calape Campus
=260  \\$c2017
=300  \\$aviii, 66 leaves
=700  \\$aBernadeth B. Ranola
=700  \\$aKent Joseph C. Labiano
=700  \\$aMa. Anjanette B. Baquiran
=876  \\$aBISU-CL-000045
=876  \\$bBISUCAL-T-2023000360
=876  \\$hFor room use only
=876  \\$jInventoried
=876  \\$tCopy 1

