=LDR  00000nam a2200000Ia 45e0
=008  250523s9999\\\\xx\\\\\\\\\\\\000\0\und\d
=100  \\$aMinguito, Ephraim N.  
=245  \0$aFertilizer Application and Production Technique of Eucheua Cottonii: A Proposed Culture Management Program
=245  \0$bby Ephraim N. Minguito, Ma. Daisy L. Rulona, Roghilene G. Cuadrasal and Mary Dianne Falar
=260  \\$aCalape, Bohol
=260  \\$bBohol Island State University - Calape Campus
=260  \\$c2016
=300  \\$aviii, 77 leaves
=700  \\$aMa. Daisy L. Rulona
=700  \\$aMary Dianne Falar
=700  \\$aRoghilene G. Cuadrasal
=876  \\$aBISU-CL-000046
=876  \\$bBISUCAL-T-2023000355
=876  \\$hFor room use only
=876  \\$jInventoried
=876  \\$tCopy 1

