=LDR  00000nam a2200000Ia 45e0
=008  250523s9999\\\\xx\\\\\\\\\\\\000\0\und\d
=100  \\$aBendejo, Hannah Jane  
=245  \0$aFish and Fish Waste Based-Organic Fertilizer in the Culture of Pechay (Brassica Rapa): For a Proposed Fish Waste Product Utilization
=245  \0$bby Hannah Jane Bendejo and Sheenah N. Domingo
=260  \\$aCalape, Bohol
=260  \\$bBohol Island State University - Calape Campus
=260  \\$c2022
=300  \\$aix, 87 leaves
=700  \\$aSheenah N. Domingo
=876  \\$aBISU-CL-000047
=876  \\$bBISUCAL-T-2023000356
=876  \\$hFor room use only
=876  \\$jInventoried
=876  \\$tCopy 1

