=LDR  00000nam a2200000Ia 45e0
=008  250523s9999\\\\xx\\\\\\\\\\\\000\0\und\d
=100  \\$aBalino, Nancy R.  
=245  \0$aFish Price Monitoring in Calape and Tubigon Public Market: Its Implication to Fish Management Practices
=245  \0$bby Nancy R. Balino, Angel B. Pagas, Evangeline M. Navarete and Leonil B. Fabroquez
=260  \\$aCalape, Bohol
=260  \\$bBohol Island State University - Calape Campus
=260  \\$c2012
=300  \\$axi, 43 leaves
=700  \\$aAngel B. Pagas
=700  \\$aEvangeline M. Navarete
=700  \\$aLeonil B. Fabroquez
=876  \\$aBISU-CL-000048
=876  \\$bBISUCAL-T-2023000357
=876  \\$hFor room use only
=876  \\$jInventoried
=876  \\$tCopy 1

