=LDR  00000nam a2200000Ia 45e0
=008  250523s9999\\\\xx\\\\\\\\\\\\000\0\und\d
=100  \\$aDumandan, Francis M.  
=245  \0$aFisherfolk's Awareness and Fish Catch Incidence of Napoleon Wrasse (Cheilinus Undulatus) in Mantatao Island, Calape, Bohol: Basis for Resource Stock Enhancement
=245  \0$bby Francis M. Dumandan, Lynlee A. Gesoro and Shella May L. Lopez
=260  \\$aCalape, Bohol
=260  \\$bBohol Island State University - Calape Campus
=260  \\$c2014
=300  \\$aviii, 77 leaves
=700  \\$aLynlee A. Gesoro
=700  \\$aShella May L. Lopez
=876  \\$aBISU-CL-000049
=876  \\$bBISUCAL-T-2023000358
=876  \\$hFor room use only
=876  \\$jInventoried
=876  \\$tCopy 1

