=LDR  00000nam a2200000Ia 45e0
=008  250523s9999\\\\xx\\\\\\\\\\\\000\0\und\d
=100  \\$aVasquez, Leah Jane L.
=245  \0$aGrowth  and Survival Rate of Mangrove Red Snapper (Lutjanus Argentimaculatus) Cultured in Hapa Net Using Different Types of Feeds
=245  \0$bby Leah Jane L. Vasquez, Allen John T. Flores, Joanne V. Belano and Kristel C. Torrefiel
=260  \\$aCalape, Bohol
=260  \\$bBohol Island State University - Calape Campus
=260  \\$c2017
=300  \\$aix, 67 leaves
=700  \\$aAllen John T. Flores
=700  \\$aJoanne V. Belano
=700  \\$aKristel C. Torrefiel
=876  \\$aBISU-CL-000050
=876  \\$bBISUCAL-T-2023000359
=876  \\$hFor room use only
=876  \\$jInventoried
=876  \\$tCopy 1

