=LDR  00000nam a2200000Ia 45e0
=008  250523s9999\\\\xx\\\\\\\\\\\\000\0\und\d
=100  \\$aNagal, Erika Mae L.
=245  \0$aGrowth and Performance and Survival Rate of Nile Tilapia (Oreochromis Niloticus) Fed with Fermented Copra Meal: Its Implication to Feeding Management Program
=245  \0$bby Erika Mae L. Nagal and Cj Celiste R. Lanzaderas
=260  \\$aCalape, Bohol
=260  \\$bBohol Island State University - Calape Campus
=260  \\$c2023
=300  \\$axi, 80 leaves
=700  \\$aCj Celiste R. Lanzaderas
=876  \\$aBISU-CL-000052
=876  \\$bBISUCAL-T-2023000362
=876  \\$hFor room use only
=876  \\$jInventoried
=876  \\$tCopy 1

