=LDR  00000nam a2200000Ia 45e0
=008  250523s9999\\\\xx\\\\\\\\\\\\000\0\und\d
=100  \\$aBatocael, May Raycris B. 
=245  \0$aGrowth and Survival of Orange-Spotted Spinefoot (Siganus Guttatus) Using Different Types of Feeds Cultured in Brackishwater Pond: Its Implication to Feeding Management
=245  \0$bby May Raycris B. Batocael and Elaine Jean O. Lambojon
=260  \\$aCalape, Bohol
=260  \\$bBohol Island State University - Calape Campus
=260  \\$c2020
=300  \\$aix, 68 leaves
=700  \\$aElaine Jean O. Lambojon
=876  \\$aBISU-CL-000053
=876  \\$bBISUCAL-T-2023000363
=876  \\$hFor room use only
=876  \\$jInventoried
=876  \\$tCopy 1

