=LDR  00000nam a2200000Ia 45e0
=008  250523s9999\\\\xx\\\\\\\\\\\\000\0\und\d
=100  \\$aQuinones, Loremae T.  
=245  \0$aGrowth and Survival Rate  of Giant Gourami (Osphronemus Goramy) Fed with Different Feed Types: Its Implication to Feeding Management Program
=245  \0$bby Loremae T. Quinones and Thea J. Cubelo
=260  \\$aCalape, Bohol
=260  \\$bBohol Island State University - Calape Campus
=260  \\$c2022
=300  \\$ax, 79 leaves
=700  \\$aThea J. Cubelo
=876  \\$aBISU-CL-000054
=876  \\$bBISUCAL-T-2023000364
=876  \\$hFor room use only
=876  \\$jInventoried
=876  \\$tCopy 1

