=LDR  00000nam a2200000Ia 45e0
=008  250523s9999\\\\xx\\\\\\\\\\\\000\0\und\d
=100  \\$aAlbit, Sheena M.  
=245  \0$aGrowth and Survival Rate of Abalone (Haliotis Asinina) Cultured in Marine Water Using Different Feed Types: Its Implication to Feeding Management Program
=245  \0$bby Sheena M. Albit, Almera B. Credo, Ernie J. Lagrimas, Ruel R. Lucresia and Marjorie J. Rulona
=260  \\$aCalape, Bohol
=260  \\$bBohol Island State University - Calape Campus
=260  \\$c2017
=300  \\$aix, 80 leaves
=700  \\$aAlmera B. Credo
=700  \\$aErnie J. Lagrimas
=700  \\$aRuel R. Lucresia
=876  \\$aBISU-CL-000055
=876  \\$bBISUCAL-T-2023000365
=876  \\$hFor room use only
=876  \\$jInventoried
=876  \\$tCopy 1

