=LDR  00000nam a2200000Ia 45e0
=008  250523s9999\\\\xx\\\\\\\\\\\\000\0\und\d
=100  \\$aBentillo, Benson S.  
=245  \0$aGrowth and Survival Rate of African Catfish (Clarias Gariepinus) Cultured Using Different Types of Feeds: Its Implication to Feeding Management Program
=245  \0$bby Benson S. Bentillo, Ellizer R. Torrefiel and Linde M. Lagrimas
=260  \\$aCalape, Bohol
=260  \\$bBohol Island State University - Calape Campus
=260  \\$c2018
=300  \\$aviii, 74 leaves
=700  \\$aEllizer R. Torrefiel
=700  \\$aLinde M. Lagrimas
=876  \\$aBISU-CL-000056
=876  \\$bBISUCAL-T-2023000366
=876  \\$hFor room use only
=876  \\$jInventoried
=876  \\$tCopy 1

