=LDR  00000nam a2200000Ia 45e0
=008  250523s9999\\\\xx\\\\\\\\\\\\000\0\und\d
=100  \\$aYbanez, Cherie Mie C. 
=245  \0$aGrowth and Survival Rate of African Hito (Clarias Gariepinus) Cultured Using Different Types of Soil: Its Implication to Culture Management Program
=245  \0$bby Cherie Mie C. Ybanez, Chezka Elyssa B. Bolo, Sweet Hazel G. Curambao, Kenrick Lloyd G. Curaza and Melanie P. Paquibot
=260  \\$aCalape, Bohol
=260  \\$bBohol Island State University - Calape Campus
=260  \\$c2017
=300  \\$avii, 73 leaves
=700  \\$aChezka Elyssa B. Bolo
=700  \\$aKenrick Lloyd G. Curaza
=700  \\$aSweet Hazel G. Curambao
=876  \\$aBISU-CL-000057
=876  \\$bBISUCAL-T-2023000367
=876  \\$hFor room use only
=876  \\$jInventoried
=876  \\$tCopy 1

