=LDR  00000nam a2200000Ia 45e0
=008  250523s9999\\\\xx\\\\\\\\\\\\000\0\und\d
=100  \\$aTaran, Alex Carl C. 
=245  \0$aGrowth and Survival Rate of Blue Crab (Neptunus Pelagicus) in a Cage
=245  \0$bby Alex Carl C. Taran, Melanie A. Lugo, Jessie T. Catigum and Noraflor V. Husain
=260  \\$aCalape, Bohol
=260  \\$bBohol Island State University - Calape Campus
=260  \\$c2007
=300  \\$axi, 60 leaves
=700  \\$aJessie T. Catigum
=700  \\$aMelanie A. Lugo
=700  \\$aNoraflor V. Husain
=876  \\$aBISU-CL-000058
=876  \\$bBISUCAL-T-2023000368
=876  \\$hFor room use only
=876  \\$jInventoried
=876  \\$tCopy 1

