=LDR  00000nam a2200000Ia 45e0
=008  250523s9999\\\\xx\\\\\\\\\\\\000\0\und\d
=100  \\$aRestauro, Joewarlyn S.  
=245  \0$aGrowth and Survival Rate of Blue Crab (Portunus Pelagicus) Cultured Using Different Feed Types: Its Basis for Feeding Management Program
=245  \0$bby Joewarlyn S. Restauro, Marianlyn S. Loreto, Mary Rose E. Edar and Rimiel P. Januhan
=260  \\$aCalape, Bohol
=260  \\$bBohol Island State University - Calape Campus
=260  \\$c2017
=300  \\$aix, 67 leaves
=700  \\$aMarianlyn S. Loreto
=700  \\$aMary Rose E. Edar
=700  \\$aRimiel P. Januhan
=876  \\$aBISU-CL-000059
=876  \\$bBISUCAL-T-2023000369
=876  \\$hFor room use only
=876  \\$jInventoried
=876  \\$tCopy 1

