=LDR  00000nam a2200000Ia 45e0
=008  250523s9999\\\\xx\\\\\\\\\\\\000\0\und\d
=100  \\$aCabaron, Joanne L.  
=245  \0$aGrowth and Survival Rate of Blue Swimmer Crab Using Different Feeding Types: Its Implication to  Feeding Management Program
=245  \0$bby Joanne L. Cabaron, Jessa Mae O. Caslib and Mark Christian Paul D. De Vera
=260  \\$aCalape, Bohol
=260  \\$bBohol Island State University - Calape Campus
=260  \\$c2019
=300  \\$aviii, 69 leaves
=700  \\$aJessa Mae O. Caslib
=700  \\$aMark Christian Paul D. De Vera
=876  \\$aBISU-CL-000060
=876  \\$bBISUCAL-T-2023000370
=876  \\$hFor room use only
=876  \\$jInventoried
=876  \\$tCopy 1

