=LDR  00000nam a2200000Ia 45e0
=008  250523s9999\\\\xx\\\\\\\\\\\\000\0\und\d
=100  \\$aLozano, Jessa Mae B.
=245  \0$aGrowth and Survival Rate of Blue Swimming Crab (Portunus Pelagicus) Cultured in Plastic Container Using Different Feed Types: Its Implication to Feeding Management Program
=245  \0$bby Jessa Mae B. Lozano and Arjohn Paul D. Bacalla
=260  \\$aCalape, Bohol
=260  \\$bBohol Island State University - Calape Campus
=260  \\$c2020
=300  \\$aix, 64 leaves
=700  \\$aArjohn Paul D. Bacalla
=876  \\$aBISU-CL-000061
=876  \\$bBISUCAL-T-2023000371
=876  \\$hFor room use only
=876  \\$jInventoried
=876  \\$tCopy 1

