=LDR  00000nam a2200000Ia 45e0
=008  250523s9999\\\\xx\\\\\\\\\\\\000\0\und\d
=100  \\$aTero, Neilen  
=245  \0$aGrowth and Survival Rate of Climbing Perch (Anabas Testudineus) Cultured in Concrete Tank Using Different Feed Types: Its Implication to Feeding Management Program
=245  \0$bby Neilen Tero and Philip R. Bulambot
=260  \\$aCalape, Bohol
=260  \\$bBohol Island State University - Calape Campus
=260  \\$c2021
=300  \\$ax, 82 leaves
=700  \\$aPhilip R. Bulambot
=876  \\$aBISU-CL-000062
=876  \\$bBISUCAL-T-2023000372
=876  \\$hFor room use only
=876  \\$jInventoried
=876  \\$tCopy 1

