=LDR  00000nam a2200000Ia 45e0
=008  250523s9999\\\\xx\\\\\\\\\\\\000\0\und\d
=100  \\$aLomoljo, Nova T.  
=245  \0$aGrowth and Survival Rate of Climbing Perch (Anabas Testudineus) Cultured in Freshwater Fed with Different Diets: Its Implication to Feeding Management Program
=245  \0$bby Nova T. Lomoljo, Rimar C. Dolojol and Aimee B. Ruloma
=260  \\$aCalape, Bohol
=260  \\$bBohol Island State University - Calape Campus
=260  \\$c2018
=300  \\$aviii, 88 leaves
=700  \\$aAimee B. Ruloma
=700  \\$aRimar C. Dolojol
=876  \\$aBISU-CL-000063
=876  \\$bBISUCAL-T-2023000373
=876  \\$hFor room use only
=876  \\$jInventoried
=876  \\$tCopy 1

