=LDR  00000nam a2200000Ia 45e0
=008  250523s9999\\\\xx\\\\\\\\\\\\000\0\und\d
=100  \\$aSocobos, Daryl Y.  
=245  \0$aGrowth and Survival Rate of Eucheuma Cottonii Cultivate Using Different Methods: Its Implication to Culture Management Program
=245  \0$bby Daryl Y. Socobos and Jolina Elorde
=260  \\$aCalape, Bohol
=260  \\$bBohol Island State University - Calape Campus
=260  \\$c2022
=300  \\$axii, 84 leaves
=700  \\$aJolina Elorde
=876  \\$aBISU-CL-000064
=876  \\$bBISUCAL-T-2023000374
=876  \\$hFor room use only
=876  \\$jInventoried
=876  \\$tCopy 1

