=LDR  00000nam a2200000Ia 45e0
=008  250523s9999\\\\xx\\\\\\\\\\\\000\0\und\d
=100  \\$aBregoli, Jhovert O.  
=245  \0$aGrowth and Survival Rate of Freshwater Eelgrass (Vallisneria Natans) Cultivated in Different Substrates: Its Implication to Aquacultural Plant Production Methods
=245  \0$bby Jhovert O. Bregoli and Vanessa C. Aguanza
=260  \\$aCalape, Bohol
=260  \\$bBohol Island State University - Calape Campus
=260  \\$c2021
=300  \\$aviii, 58 leaves
=700  \\$aVanessa C. Aguanza
=876  \\$aBISU-CL-000065
=876  \\$bBISUCAL-T-2023000375
=876  \\$hFor room use only
=876  \\$jInventoried
=876  \\$tCopy 1

