=LDR  00000nam a2200000Ia 45e0
=008  250523s9999\\\\xx\\\\\\\\\\\\000\0\und\d
=100  \\$aPoquita, Chrisel Jade C. 
=245  \0$aGrowth and Survival Rate of Giant Freshwater Prawn (Macrobrachium Rosenbergii) Cultured in an Artificial Pond Using Different Feed Types: Its Implication to Cultured Management Program
=245  \0$bby Chrisel Jade C. Poquita, Rose Ann B. Bernadit and Ellen Mae G. Bolonos
=260  \\$aCalape, Bohol
=260  \\$bBohol Island State University - Calape Campus
=260  \\$c2018
=300  \\$aviii, 66 leaves
=700  \\$aEllen Mae G. Bolonos
=700  \\$aRose Ann B. Bernadit
=876  \\$aBISU-CL-000066
=876  \\$bBISUCAL-T-2023000376
=876  \\$hFor room use only
=876  \\$jInventoried
=876  \\$tCopy 1

