=LDR  00000nam a2200000Ia 45e0
=008  250523s9999\\\\xx\\\\\\\\\\\\000\0\und\d
=100  \\$aRulida, Precious M.  
=245  \0$aGrowth and Survival Rate of Giant Freshwater Prawn (Macrobrachium Rosenbergii) Cultured Using Diferent Feed Types: Its Implication to Feeding Management Program
=245  \0$bby Precious M. Rulida, Louel James R. Labastida and Cherry Lyn C. Ybanez
=260  \\$aCalape, Bohol
=260  \\$bBohol Island State University - Calape Campus
=260  \\$c2018
=300  \\$avii, 80 leaves
=700  \\$aCherry Lyn C. Ybanez
=700  \\$aLouel James R. Labastida
=876  \\$aBISU-CL-000067
=876  \\$bBISUCAL-T-2023000377
=876  \\$hFor room use only
=876  \\$jInventoried
=876  \\$tCopy 1

