=LDR  00000nam a2200000Ia 45e0
=008  250523s9999\\\\xx\\\\\\\\\\\\000\0\und\d
=100  \\$aApog, Marivic  
=245  \0$aGrowth and Survival Rate of Giant Gourami (Osphronemus Goramy) Cultured in Concrete Tanks at Different Stocking Densities: Its Implication to Culture Management Program
=245  \0$bby Marivic Apog and Jakie B. Vano
=260  \\$aCalape, Bohol
=260  \\$bBohol Island State University - Calape Campus
=260  \\$c2022
=300  \\$ax, 98 leaves
=700  \\$aJakie B. Vano
=876  \\$aBISU-CL-000068
=876  \\$bBISUCAL-T-2023000378
=876  \\$hFor room use only
=876  \\$jInventoried
=876  \\$tCopy 1

