=LDR  00000nam a2200000Ia 45e0
=008  250523s9999\\\\xx\\\\\\\\\\\\000\0\und\d
=100  \\$aOrillosa, Jomari A.  
=245  \0$aGrowth and Survival Rate of Gracilaria (Gracilaria Spp.) Using Different Culture Technique: Its Implication to Culture Management Program
=245  \0$bby Jomari A. Orillosa, Julie Ann T. Mejias, Joyce F. Jungco and May Charmine A. Sevilla
=260  \\$aCalape, Bohol
=260  \\$bBohol Island State University - Calape Campus
=260  \\$c2016
=300  \\$aviii, 85 leaves
=700  \\$aJoyce F. Jungco
=700  \\$aJulie Ann T. Mejias
=700  \\$aMay Charmine A. Sevilla
=876  \\$aBISU-CL-000069
=876  \\$bBISUCAL-T-2023000379
=876  \\$hFor room use only
=876  \\$jInventoried
=876  \\$tCopy 1

