=LDR  00000nam a2200000Ia 45e0
=008  250523s9999\\\\xx\\\\\\\\\\\\000\0\und\d
=100  \\$aCosenas, Monalisa H.  
=245  \0$aGrowth and Survival Rate of Koi Carp (Cyrinus Rubrofuscus) with Water Spinach (Ipomea Aquatica) Cultured in Recirculating Aquaponics System Using Different Feed Types: Its Implication to Culture Management Program
=245  \0$bby Monalisa H. Cosenas and Peter John Sesnorio
=260  \\$aCalape, Bohol
=260  \\$bBohol Island State University - Calape Campus
=260  \\$c2021
=300  \\$aviii, 94 leaves
=700  \\$aPeter John Sesnorio
=876  \\$aBISU-CL-000070
=876  \\$bBISUCAL-T-2023000380
=876  \\$hFor room use only
=876  \\$jInventoried
=876  \\$tCopy 1

