=LDR  00000nam a2200000Ia 45e0
=008  250523s9999\\\\xx\\\\\\\\\\\\000\0\und\d
=100  \\$aLesiguis, Sarah Mae  
=245  \0$aGrowth and Survival Rate of Koi Carp (Cyrprinus Rubrofucscus) Fed with Different Feed Types: Its Impication to Feeding Management Program
=245  \0$bby Sarah Mae Lesiguis and Shara Mae Cuasito
=260  \\$aCalape, Bohol
=260  \\$bBohol Island State University - Calape Campus
=260  \\$c2022
=300  \\$ax, 70 leaves
=700  \\$aShara Mae Cuasito
=876  \\$aBISU-CL-000071
=876  \\$bBISUCAL-T-2023000381
=876  \\$hFor room use only
=876  \\$jInventoried
=876  \\$tCopy 1

