=LDR  00000nam a2200000Ia 45e0
=008  250523s9999\\\\xx\\\\\\\\\\\\000\0\und\d
=100  \\$aMosequera, Haxcell R.  
=245  \0$aGrowth and Survival Rate of Mangrove Red Snapper (Lutjanus Argentimaculatus) Cultured in Hapa Net with Different Feed Types Basis for Culture Management Program
=245  \0$bby Haxcell R. Mosequera and Joyce Dian Y. Troyo
=260  \\$aCalape, Bohol
=260  \\$bBohol Island State University - Calape Campus
=260  \\$c2022
=300  \\$aix, 75 leaves
=700  \\$aJoyce Dian Y. Troyo
=876  \\$aBISU-CL-000072
=876  \\$bBISUCAL-T-2023000382
=876  \\$hFor room use only
=876  \\$jInventoried
=876  \\$tCopy 1

