=LDR  00000nam a2200000Ia 45e0
=008  250523s9999\\\\xx\\\\\\\\\\\\000\0\und\d
=100  \\$aCombinido, Raffy M.  
=245  \0$aGrowth and Survival Rate of Mangrove Red Snapper (Lutjanus Argentimaculatus) Cultured in Marie Water Using Different Available  Feeds: Basis for Feeding Management Program
=245  \0$bby Raffy M. Combinido, Daisy E. Cutarra, Joan R. Cayabyab and Dexter L. Libranza
=260  \\$aCalape, Bohol
=260  \\$bBohol Island State University - Calape Campus
=260  \\$c2017
=300  \\$aix, 84 leaves
=700  \\$aDaisy E. Cutarra
=700  \\$aDexter L. Libranza
=700  \\$aJoan R. Cayabyab
=876  \\$aBISU-CL-000073
=876  \\$bBISUCAL-T-2023000383
=876  \\$hFor room use only
=876  \\$jInventoried
=876  \\$tCopy 1

