=LDR  00000nam a2200000Ia 45e0
=008  250523s9999\\\\xx\\\\\\\\\\\\000\0\und\d
=100  \\$aEstrada, Argonax Veriel G. 
=245  \0$aGrowth and Survival Rate of Mangrove Red Snapper (Lutjanus Argentimaculatus) in a Net Cage
=245  \0$bby Argonax Veriel G. Estrada, Victor R. Cosicol, Aldwin Cary M. Malabar and Chester M. Rotersos
=260  \\$aCalape, Bohol
=260  \\$bBohol Island State University - Calape Campus
=260  \\$c2007
=300  \\$axi, 53 leaves
=700  \\$aAldwin Cary M. Malabar
=700  \\$aChester M. Rotersos
=700  \\$aVictor R. Cosicol
=876  \\$aBISU-CL-000074
=876  \\$bBISUCAL-T-2023000384
=876  \\$hFor room use only
=876  \\$jInventoried
=876  \\$tCopy 1

