=LDR  00000nam a2200000Ia 45e0
=008  250523s9999\\\\xx\\\\\\\\\\\\000\0\und\d
=100  \\$aLupio, Riza T.  
=245  \0$aGrowth and Survival Rate of Mangrove Red Snapper (Lutjanus Argentimaculatus) with Different Number of Strings of Oyster Cultured in Marine Water: Its Implication to Culture Management Program
=245  \0$bby Riza T. Lupio, Jomari C. Andales and Kevin G. Samijon
=260  \\$aCalape, Bohol
=260  \\$bBohol Island State University - Calape Campus
=260  \\$c2018
=300  \\$aviii, 71 leaves
=700  \\$aJomari C. Andales
=700  \\$aKevin G. Samijon
=876  \\$aBISU-CL-000075
=876  \\$bBISUCAL-T-2023000385
=876  \\$hFor room use only
=876  \\$jInventoried
=876  \\$tCopy 1

