=LDR  00000nam a2200000Ia 45e0
=008  250523s9999\\\\xx\\\\\\\\\\\\000\0\und\d
=100  \\$aBoligor, Salvacion G.  
=245  \0$aGrowth and Survival Rate of Nile Tilapia (Oreochromis Niloticus) in Integrated Rice Fish Farming Using Different Feed Types: Its Implication to Feeding Management
=245  \0$bby Salvacion G. Boligor and Christian N. Minguito
=260  \\$aCalape, Bohol
=260  \\$bBohol Island State University - Calape Campus
=260  \\$c2021
=300  \\$ax, 101 leaves
=700  \\$aChristian N. Minguito
=876  \\$aBISU-CL-000076
=876  \\$bBISUCAL-T-2023000386
=876  \\$hFor room use only
=876  \\$jInventoried
=876  \\$tCopy 1

