=LDR  00000nam a2200000Ia 45e0
=008  250523s9999\\\\xx\\\\\\\\\\\\000\0\und\d
=100  \\$aSucuano, Dave C.  
=245  \0$aGrowth and Survival Rate of Orange Spotted Spine Foot Rabbitfish (S. Guttatus) Fed with Different Types of Feeds Cultured in a Brackish Water Pond
=245  \0$bDave C. Sucuano, Junrie P. Manuales, Julie Ann M. Nemenzo and Fretzie A. Bernante
=260  \\$aCalape, Bohol
=260  \\$bBohol Island State University - Calape Campus
=260  \\$c2017
=300  \\$aix, 72 leaves
=700  \\$aFretzie A. Bernante
=700  \\$aJulie Ann M. Nemenzo
=700  \\$aJunrie P. Manuales
=876  \\$aBISU-CL-000077
=876  \\$bBISUCAL-T-2023000387
=876  \\$hFor room use only
=876  \\$jInventoried
=876  \\$tCopy 1

