=LDR  00000nam a2200000Ia 45e0
=008  250523s9999\\\\xx\\\\\\\\\\\\000\0\und\d
=100  \\$aDumangas, Angelie T.  
=245  \0$aGrowth and Survival Rate of Orange Spotted Spinefoot (Siganus Guttatus) Cultured in Brackishwater Using Different Formulated Feeds: Its Implication to Culture Management Program
=245  \0$bby Angelie T. Dumangas, Caludine T. Cubillo and Bal Thomas C. Samijon
=260  \\$aCalape, Bohol
=260  \\$bBohol Island State University - Calape Campus
=260  \\$c2018
=300  \\$aviii, 75 leaves
=700  \\$aBal Thomas C. Samijon
=700  \\$aCaludine T. Cubillo
=876  \\$aBISU-CL-000078
=876  \\$bBISUCAL-T-2023000388
=876  \\$hFor room use only
=876  \\$jInventoried
=876  \\$tCopy 1

