=LDR  00000nam a2200000Ia 45e0
=008  250523s9999\\\\xx\\\\\\\\\\\\000\0\und\d
=100  \\$aSolis, Sherwin D.  
=245  \0$aGrowth and Survival Rate of Orange Spotted Spinefoot (Siganus Guttatus) in Marine Water Cultured in Fish Cages Using Different Feed Types
=245  \0$bby Sherwin D. Solis, Aimae A. Autentico, Alberto Malmis Jr. and Sweet Novem Talaboc
=260  \\$aCalape, Bohol
=260  \\$bBohol Island State University - Calape Campus
=260  \\$c2017
=300  \\$aix, 69 leaves
=700  \\$aAimae A. Autentico
=700  \\$aAlberto Malmis Jr.
=700  \\$aSweet Novem Talaboc
=876  \\$aBISU-CL-000079
=876  \\$bBISUCAL-T-2023000389
=876  \\$hFor room use only
=876  \\$jInventoried
=876  \\$tCopy 1

