=LDR  00000nam a2200000Ia 45e0
=008  250523s9999\\\\xx\\\\\\\\\\\\000\0\und\d
=100  \\$aLeopardas, jorena L.  
=245  \0$aGrowth and Survival Rate of Orange Spotted Spinefoot (Siganus Guttatus) Using Different Feed Types of Feeds Cultured in Brackishwater Pond: Its Implication to Culture Management Program
=245  \0$bby jorena L. Leopardas and Dionesio T. Cabuga Jr.
=260  \\$aCalape, Bohol
=260  \\$bBohol Island State University - Calape Campus
=260  \\$c2020
=300  \\$aviii, 66 leaves
=700  \\$aDionesio T. Cabuga Jr.
=876  \\$aBISU-CL-000080
=876  \\$bBISUCAL-T-2023000390
=876  \\$hFor room use only
=876  \\$jInventoried
=876  \\$tCopy 1

