=LDR  00000nam a2200000Ia 45e0
=008  250523s9999\\\\xx\\\\\\\\\\\\000\0\und\d
=100  \\$aMulato, Mary Rose
=245  \0$aGrowth and Survival Rate of Orange-Spotted Spinefoot (Siganus Guttatus) Using Different Types of Feeds Cultured in Brackish Water Pond: Its Implication to Culture Management Program
=245  \0$bby Mary Rose B. Mulato, Jeanyvive B. Libarnes, Antoinette Lumapac, Jose Roy P. Cuizon and Ma. Elena P. Duterte
=260  \\$aCalape, Bohol
=260  \\$bBohol Island State University - Calape Campus
=260  \\$c2017
=300  \\$aix, 71 leaves
=700  \\$aAntoinette Lumapac
=700  \\$aJeanyvive B. Libarnes
=700  \\$aJose Roy P. Cuizon
=876  \\$aBISU-CL-000081
=876  \\$bBISUCAL-T-2023000391
=876  \\$hFor room use only
=876  \\$jInventoried
=876  \\$tCopy 1

