=LDR  00000nam a2200000Ia 45e0
=008  250523s9999\\\\xx\\\\\\\\\\\\000\0\und\d
=100  \\$aAsoy, Analee C.  
=245  \0$aGrowth and Survival Rate of Orange-Spotted Spinefoot (Siganus Guttatus) Using Different Types of Feeds Cultured in Brackishwater Pond: Its Implication to Feeding Management
=245  \0$bby Analee C. Asoy and Rey T. Mozo
=260  \\$aCalape, Bohol
=260  \\$bBohol Island State University - Calape Campus
=260  \\$c2021
=300  \\$aix, 83 leaves
=700  \\$aRey T. Mozo
=876  \\$aBISU-CL-000082
=876  \\$bBISUCAL-T-2023000392
=876  \\$hFor room use only
=876  \\$jInventoried
=876  \\$tCopy 1

