=LDR  00000nam a2200000Ia 45e0
=008  250523s9999\\\\xx\\\\\\\\\\\\000\0\und\d
=100  \\$aAstronomo, Jeramy S.  
=245  \0$aGrowth and Survival Rate of Pangasius (Pangasius Hypophthalmus) Cultured in Freshwater Concrete Tank Using Different Feed Types: Its Implication to Culture Management Program
=245  \0$bby Jeramy S. Astronomo, Gomersindo S. Abrenica Jr, Joy C. Ballares and Geneton Nazario A. Anosa Jr
=260  \\$aCalape, Bohol
=260  \\$bBohol Island State University - Calape Campus
=260  \\$c2016
=300  \\$aviii, 88 leaves
=700  \\$aGeneton Nazario A. Anosa Jr
=700  \\$aGomersindo S. Abrenica Jr
=700  \\$aJoy C. Ballares
=876  \\$aBISU-CL-000083
=876  \\$bBISUCAL-T-2023000393
=876  \\$hFor room use only
=876  \\$jInventoried
=876  \\$tCopy 1

