=LDR  00000nam a2200000Ia 45e0
=008  250523s9999\\\\xx\\\\\\\\\\\\000\0\und\d
=100  \\$aAnuta, Ralph T.  
=245  \0$aGrowth and Survival Rate of Pistol Shrimp (Alpheus SP) in Aquarium: Its Implication  to Feeding Habit
=245  \0$bby Ralph T. Anuta, Elmer C. Palitec and Louie L. Toloy
=260  \\$aCalape, Bohol
=260  \\$bBohol Island State University - Calape Campus
=260  \\$c2009
=300  \\$axxiii, 35 leaves
=700  \\$aElmer C. Palitec
=700  \\$aLouie L. Toloy
=876  \\$aBISU-CL-000084
=876  \\$bBISUCAL-T-2023000394
=876  \\$hFor room use only
=876  \\$jInventoried
=876  \\$tCopy 1

