=LDR  00000nam a2200000Ia 45e0
=008  250523s9999\\\\xx\\\\\\\\\\\\000\0\und\d
=100  \\$aLopez, Sharmaine L.  
=245  \0$aGrowth and Survival Rate of Sea Cucumber (Holothuria Scabra) Reared in Aquarium Using Different Feed Types: Its Implication to Feeding Management Program
=245  \0$bby Sharmaine L. Lopez, Josa B. Andoy, Jessele J. Bolinquet and Maricris C. Bulala
=260  \\$aCalape, Bohol
=260  \\$bBohol Island State University - Calape Campus
=260  \\$c2016
=300  \\$aviii, 87 leaves
=700  \\$aJessele J. Bolinquet
=700  \\$aJosa B. Andoy
=700  \\$aMaricris C. Bulala
=876  \\$aBISU-CL-000085
=876  \\$bBISUCAL-T-2023000395
=876  \\$hFor room use only
=876  \\$jInventoried
=876  \\$tCopy 1

