=LDR  00000nam a2200000Ia 45e0
=008  250523s9999\\\\xx\\\\\\\\\\\\000\0\und\d
=100  \\$aBone, Mary Ann R.
=245  \0$aGrowth and Survival Rate of Sea Grapes (Caulerpa Racemosa) Cultured in Marine Environment Using Different Culture Methods: Its Implication to Culture Management Program
=245  \0$bby Mary Ann R. Bone and Josua Leornas
=260  \\$aCalape, Bohol
=260  \\$bBohol Island State University - Calape Campus
=260  \\$c2022
=300  \\$ax, 93 leaves
=700  \\$aJosua Leornas
=876  \\$aBISU-CL-000086
=876  \\$bBISUCAL-T-2023000396
=876  \\$hFor room use only
=876  \\$jInventoried
=876  \\$tCopy 1

