=LDR  00000nam a2200000Ia 45e0
=008  250523s9999\\\\xx\\\\\\\\\\\\000\0\und\d
=100  \\$aAnib, Ana Liza O.
=245  \0$aGrowth and Survival Rate of Siganids Influenced by the Food Taken in Brackishwater Fishpond
=245  \0$bby Ana Liza O. Anib, Joselito C. Garay, Arnold Y. Astronomo and Erwin A. Astronomo
=260  \\$aCalape, Bohol
=260  \\$bBohol Island State University - Calape Campus
=260  \\$c2008
=300  \\$axi, 57 leaves
=700  \\$aArnold Y. Astronomo
=700  \\$aErwin A. Astronomo
=700  \\$aJoselito C. Garay
=876  \\$aBISU-CL-000087
=876  \\$bBISUCAL-T-2023000397
=876  \\$hFor room use only
=876  \\$jInventoried
=876  \\$tCopy 1

