=LDR  00000nam a2200000Ia 45e0
=008  250523s9999\\\\xx\\\\\\\\\\\\000\0\und\d
=100  \\$aMejias, Vanesa N.  
=245  \0$aGrowth and Survival Rate of Silver Pompano (Trachinotus Blochii) Cultured in Fish Cage Using Different Feed Types: Its Implication to Feeding Management Program
=245  \0$bby Vanesa N. Mejias, Brenda H. Naquila and Harry Joey G. Magno
=260  \\$aCalape, Bohol
=260  \\$bBohol Island State University - Calape Campus
=260  \\$c2018
=300  \\$aviii, 64 leaves
=700  \\$aBrenda H. Naquila
=700  \\$aHarry Joey G. Magno
=876  \\$aBISU-CL-000088
=876  \\$bBISUCAL-T-2023000398
=876  \\$hFor room use only
=876  \\$jInventoried
=876  \\$tCopy 1

