=LDR  00000nam a2200000Ia 45e0
=008  250523s9999\\\\xx\\\\\\\\\\\\000\0\und\d
=100  \\$aRubin, Merlyn J.  
=245  \0$aGrowth and Survival Rate of Silver Pompano (Trachinotus Blochii) Cultured in Marine Water Using Different Feed Types
=245  \0$bby Merlyn J. Rubin, Jefferson S. Belano, Mitch B. Gallego and Geraldine D. Salutan
=260  \\$aCalape, Bohol
=260  \\$bBohol Island State University - Calape Campus
=260  \\$c2017
=300  \\$aviii, 80 leaves
=700  \\$aGeraldine D. Salutan
=700  \\$aJefferson S. Belano
=700  \\$aMitch B. Gallego
=876  \\$aBISU-CL-000089
=876  \\$bBISUCAL-T-2023000399
=876  \\$hFor room use only
=876  \\$jInventoried
=876  \\$tCopy 1

