=LDR  00000nam a2200000Ia 45e0
=008  250523s9999\\\\xx\\\\\\\\\\\\000\0\und\d
=100  \\$aTac-al, Kemberly V.  
=245  \0$aGrowth and Survival Rate of Silver Pompano (Trachinotus Blochii) Using Different Feed Types in Marine Floating Cages: Its Implication to Feeding Management Program
=245  \0$bby Kemberly V. Tac-al and Misael A. Gonzaga
=260  \\$aCalape, Bohol
=260  \\$bBohol Island State University - Calape Campus
=260  \\$c2020
=300  \\$aix, 77 leaves
=700  \\$aMisael A. Gonzaga
=876  \\$aBISU-CL-000090
=876  \\$bBISUCAL-T-2023000400
=876  \\$hFor room use only
=876  \\$jInventoried
=876  \\$tCopy 1

