=LDR  00000nam a2200000Ia 45e0
=008  250523s9999\\\\xx\\\\\\\\\\\\000\0\und\d
=100  \\$aCarakut, Nina Q.  
=245  \0$aGrowth and Survival Rate of Snapping Shrimp (Alpheus Sp.) Cultured in Hapa Net Using Different Feed Types: Its Implication to Feeding Management Program
=245  \0$bby Nina Q. Carakut, Christine G. Polinaria and Billy Joe T. Tacatani
=260  \\$aCalape, Bohol
=260  \\$bBohol Island State University - Calape Campus
=260  \\$c2020
=300  \\$axi, 79 leaves
=700  \\$aBilly Joe T. Tacatani
=700  \\$aChristine G. Polinaria
=876  \\$aBISU-CL-000091
=876  \\$bBISUCAL-T-2023000401
=876  \\$hFor room use only
=876  \\$jInventoried
=876  \\$tCopy 1

