=LDR  00000nam a2200000Ia 45e0
=008  250523s9999\\\\xx\\\\\\\\\\\\000\0\und\d
=100  \\$aEscodero, Rea C.  
=245  \0$aGrowth and Survival Rate of Snapping Shrimp (Alpheus Sp.) Cultured in Plastic Gallon Using Different Feed Types: Its implication to Culture Management Program
=245  \0$bby Rea C. Escodero and Yves C. Barbero
=260  \\$aCalape, Bohol
=260  \\$bBohol Island State University - Calape Campus
=260  \\$c2020
=300  \\$aix, 66 leaves
=700  \\$aYves C. Barbero
=876  \\$aBISU-CL-000092
=876  \\$bBISUCAL-T-2023000402
=876  \\$hFor room use only
=876  \\$jInventoried
=876  \\$tCopy 1

