=LDR  00000nam a2200000Ia 45e0
=008  250523s9999\\\\xx\\\\\\\\\\\\000\0\und\d
=100  \\$aVerano, Amado D.  
=245  \0$aGrowth and Survival Rate of Snapping Shrimps (Alpheus Sp.) Cultured in Hapa Net Using Different Feed Types: Its Implication to Culture Management Program
=245  \0$bby Amado D. Verano, Rosanna A. Dumayac, Sheryl Nesperos and Sergio Ytac
=260  \\$aCalape, Bohol
=260  \\$bBohol Island State University - Calape Campus
=260  \\$c2016
=300  \\$aviii, 74 leaves
=700  \\$aRosanna A. Dumayac
=700  \\$aSergio Ytac
=700  \\$aSheryl Nesperos
=876  \\$aBISU-CL-000093
=876  \\$bBISUCAL-T-2023000403
=876  \\$hFor room use only
=876  \\$jInventoried
=876  \\$tCopy 1

