=LDR  00000nam a2200000Ia 45e0
=008  250523s9999\\\\xx\\\\\\\\\\\\000\0\und\d
=100  \\$aBelano, Erlyn L.  
=245  \0$aGrowth and Yield of GET-Excel Tilapia (Oreochromis Niloticus X Oreochromis Aureus) and Romaine Lettuce (Lactuca Sativa Var. Longifolia) Using Non-Circulating Aquaponics Production System: Its Implication to Culture Management Program
=245  \0$bby Erlyn L. Belano, Ana Mae A. Auza, Danica Mae M. Gonzaga and Reygelgie R. Espigadera
=260  \\$aCalape, Bohol
=260  \\$bBohol Island State University - Calape Campus
=260  \\$c2017
=300  \\$aix, 102 leaves
=700  \\$aAna Mae A. Auza
=700  \\$aDanica Mae M. Gonzaga
=700  \\$aReygelgie R. Espigadera
=876  \\$aBISU-CL-000094
=876  \\$bBISUCAL-T-2023000404
=876  \\$hFor room use only
=876  \\$jInventoried
=876  \\$tCopy 1

