=LDR  00000nam a2200000Ia 45e0
=008  250523s9999\\\\xx\\\\\\\\\\\\000\0\und\d
=100  \\$aCollano, Mark Anthony L. 
=245  \0$aGrowth and Yield of Koi Carp (Cyprinus Carpio) and Pechay (Brassica Rapa) Using Aquaponics Production System: Its Implication to Culture Management Program
=245  \0$bby Mark Anthony L. Collano, Edralyn Joy G. Famat, Joanne C. Merencillo, Leomer G. Sesnorio
=260  \\$aCalape, Bohol
=260  \\$bBohol Island State University - Calape Campus
=260  \\$c2017
=300  \\$aviii, 94 leaves
=700  \\$aEdralyn Joy G. Famat
=700  \\$aJoanne C. Merencillo
=700  \\$aLeomer G. Sesnorio
=876  \\$aBISU-CL-000095
=876  \\$bBISUCAL-T-2023000405
=876  \\$hFor room use only
=876  \\$jInventoried
=876  \\$tCopy 1

