=LDR  00000nam a2200000Ia 45e0
=008  250523s9999\\\\xx\\\\\\\\\\\\000\0\und\d
=100  \\$aAntivo, Lanie M.  
=245  \0$aGrowth and Yield of Lettuce (Lactuca Sativa) and Black Molly (Poecilia Sphenops) Cultured in Aquaponics Production System: Its Implication to Culture Management Program
=245  \0$bby Lanie M. Antivo, Christopher E. Banaiz, Judyrose L. Cruda, Karen B. Guisihan and Joshua T. Sieras
=260  \\$aCalape, Bohol
=260  \\$bBohol Island State University - Calape Campus
=260  \\$c2017
=300  \\$aix, 88 leaves
=700  \\$aChristopher E. Banaiz
=700  \\$aJudyrose L. Cruda
=700  \\$aKaren B. Guisihan
=876  \\$aBISU-CL-000096
=876  \\$bBISUCAL-T-2023000406
=876  \\$hFor room use only
=876  \\$jInventoried
=876  \\$tCopy 1

