=LDR  00000nam a2200000Ia 45e0
=008  250523s9999\\\\xx\\\\\\\\\\\\000\0\und\d
=100  \\$aAsombrado, Genesis L.  
=245  \0$aGrowth and Yield of Swordtail (Xiphophorus Helleri) and Water Spinach (Ipomoea Aquatica) using Raft Aquaponics Production System: Its implication to Culture Management Program
=245  \0$bby Genesis L. Asombrado, Ivan Carlo M. Hangad and Lea Mica H. Valerta
=260  \\$aCalape, Bohol
=260  \\$bBohol Island State University - Calape Campus
=260  \\$c2018
=300  \\$avii, 88 leaves
=700  \\$aIvan Carlo M. Hangad
=700  \\$aLea Mica H. Valerta
=876  \\$aBISU-CL-000097
=876  \\$bBISUCAL-T-2023000407
=876  \\$hFor room use only
=876  \\$jInventoried
=876  \\$tCopy 1

