=LDR  00000nam a2200000Ia 45e0
=008  250523s9999\\\\xx\\\\\\\\\\\\000\0\und\d
=100  \\$aCanada, Lenebelle S.  
=245  \0$aGrowth Characteristics and Survival of Pangasius (Pangasius Hypopthalmus) Cultured in Freshwater Plastic Tank Using Different Feed Types: Its Implication to Feeding Management Program
=245  \0$bby Lenebelle S. Canada and Angelu B. Rivera
=260  \\$aCalape, Bohol
=260  \\$bBohol Island State University - Calape Campus
=260  \\$c2020
=300  \\$aix, 75 leaves
=700  \\$aAngelu B. Rivera
=876  \\$aBISU-CL-000098
=876  \\$bBISUCAL-T-2023000408
=876  \\$hFor room use only
=876  \\$jInventoried
=876  \\$tCopy 1

