=LDR  00000nam a2200000Ia 45e0
=008  250523s9999\\\\xx\\\\\\\\\\\\000\0\und\d
=100  \\$aBacallo, Sajilli Renz B. 
=245  \0$aGrowth Characteristics and Survival of Silver Pompano (Trachinotus Blochii) at Different Stocking Density in Marine Floating Cages: Basis for Culture Management Program
=245  \0$bby Sajilli Renz B. Bacallo, Christian John F. Villorejo and Laarnie D. Moral
=260  \\$aCalape, Bohol
=260  \\$bBohol Island State University - Calape Campus
=260  \\$c2018
=300  \\$aviii, 81 leaves
=700  \\$aChristian John F. Villorejo
=700  \\$aLaarnie D. Moral
=876  \\$aBISU-CL-000099
=876  \\$bBISUCAL-T-2023000409
=876  \\$hFor room use only
=876  \\$jInventoried
=876  \\$tCopy 1

