=LDR  00000nam a2200000Ia 45e0
=008  250523s9999\\\\xx\\\\\\\\\\\\000\0\und\d
=100  \\$aPenarada, Nissi Blanche C.
=245  \0$aGrowth Characteristics and Survival Rate of Snapping Shrimp (Alpheus Sp.) at Differenet Stocking Densities Cultured in Hapa Net: Basis for Culture Management Program
=245  \0$bby Nissi Blanche C. Penarada and Eroev L. Asombrado
=260  \\$aCalape, Bohol
=260  \\$bBohol Island State University - Calape Campus
=260  \\$c2020
=300  \\$aix, 81 leaves
=700  \\$aEroev L. Asombrado
=876  \\$aBISU-CL-000100
=876  \\$bBISUCAL-T-2023000410
=876  \\$hFor room use only
=876  \\$jInventoried
=876  \\$tCopy 1

