=LDR  00000nam a2200000Ia 45e0
=008  250523s9999\\\\xx\\\\\\\\\\\\000\0\und\d
=100  \\$aLanzaderas, Rolito M.  
=245  \0$aGrowth of Mudcrabs (Scylla Serrata) Fed with Combination of Trash Fish and Commercial Feeds
=245  \0$bby Rolito M. Lanzaderas, Joel T. Lanzaderas and Joel Q. Minque
=260  \\$aCalape, Bohol
=260  \\$bBohol Island State University - Calape Campus
=260  \\$c2006
=300  \\$ax, 42 leaves
=700  \\$aJoel Q. Minque
=700  \\$aJoel T. Lanzaderas
=876  \\$aBISU-CL-000101
=876  \\$bBISUCAL-T-2023000411
=876  \\$hFor room use only
=876  \\$jInventoried
=876  \\$tCopy 1

