=LDR  00000nam a2200000Ia 45e0
=008  250523s9999\\\\xx\\\\\\\\\\\\000\0\und\d
=100  \\$aHibaya, Claire A.  
=245  \0$aGrowth Performance and Survival Rate of African Catfish (Clarias Gariepinus) and Common Carp (Cyprinus Carpio) Cultured in a Polyculture System at Different Stocking Densities
=245  \0$bby Claire A. Hibaya and Moody John B. Ombrosa
=260  \\$aCalape, Bohol
=260  \\$bBohol Island State University - Calape Campus
=260  \\$c2022
=300  \\$ax, 107 leaves
=700  \\$aMoody John B. Ombrosa
=876  \\$aBISU-CL-000102
=876  \\$bBISUCAL-T-2023000412
=876  \\$hFor room use only
=876  \\$jInventoried
=876  \\$tCopy 1

