=LDR  00000nam a2200000Ia 45e0
=008  250523s9999\\\\xx\\\\\\\\\\\\000\0\und\d
=100  \\$aPatac, Irish Mae Eleanor R.
=245  \0$aGrowth Performance and Survival Rate of Common Carp (Cyprinus Carpio) Fed with Fermented Water Spinach (Ipomoea Aquatica) Juice Supplemeted Diets
=245  \0$bby Irish Mae Eleanor R. Patac and Armielyn B. Tomulin
=260  \\$aCalape, Bohol
=260  \\$bBohol Island State University - Calape Campus
=260  \\$c2022
=300  \\$axi, 78 leaves
=700  \\$aArmielyn B. Tomulin
=876  \\$aBISU-CL-000103
=876  \\$bBISUCAL-T-2023000413
=876  \\$hFor room use only
=876  \\$jInventoried
=876  \\$tCopy 1

