=LDR  00000nam a2200000Ia 45e0
=008  250523s9999\\\\xx\\\\\\\\\\\\000\0\und\d
=100  \\$aPetalcorin, Dianne  
=245  \0$aGrowth Performance and Survival rate of Common Carp (Cyprinus Carpio) Fed with Sweet Potato Leaves Cultured in Improvised Tanks
=245  \0$bby Dianne Petalcorin and Janet P. Tolantac
=260  \\$aCalape, Bohol
=260  \\$bBohol Island State University - Calape Campus
=260  \\$c2023
=300  \\$ax, 77 leaves
=700  \\$aJanet P. Tolantac
=876  \\$aBISU-CL-000104
=876  \\$bBISUCAL-T-2023000414
=876  \\$hFor room use only
=876  \\$jInventoried
=876  \\$tCopy 1

