=LDR  00000nam a2200000Ia 45e0
=008  250523s9999\\\\xx\\\\\\\\\\\\000\0\und\d
=100  \\$aBallares, Marvin Ian  
=245  \0$aGrowth Performance and Survival Rate of Koi Carp (Cyprinus Rubrofuscus) Fed with Fermented Water Spinach (Ipomoea Aquatica) Juice Supplemented Diets
=245  \0$bby Marvin Ian Ballares and Jazzcel E. Ygot
=260  \\$aCalape, Bohol
=260  \\$bBohol Island State University - Calape Campus
=260  \\$c2022
=300  \\$axi, 76 leaves
=700  \\$aJazzcel E. Ygot
=876  \\$aBISU-CL-000105
=876  \\$bBISUCAL-T-2023000415
=876  \\$hFor room use only
=876  \\$jInventoried
=876  \\$tCopy 1

