=LDR  00000nam a2200000Ia 45e0
=008  250523s9999\\\\xx\\\\\\\\\\\\000\0\und\d
=100  \\$aTorres, Raciel M.  
=245  \0$aGrowth Performance and Survival Rate of Koi Carp (Cyprinus Rubrofuscus) Fed with Probiotics Supplemented Diet Cultured in Improvised Tank: Its Implication to Cultured Management Program
=245  \0$bby Raciel M. Torres and Neljobert B. Tingson
=260  \\$aCalape, Bohol
=260  \\$bBohol Island State University - Calape Campus
=260  \\$c2021
=300  \\$aviii, 81 leaves
=700  \\$aNeljobert B. Tingson
=876  \\$aBISU-CL-000106
=876  \\$bBISUCAL-T-2023000416
=876  \\$hFor room use only
=876  \\$jInventoried
=876  \\$tCopy 1

