=LDR  00000nam a2200000Ia 45e0
=008  250523s9999\\\\xx\\\\\\\\\\\\000\0\und\d
=100  \\$aTiempo, Adrian P.  
=245  \0$aGrowth Performance and survival Rate of Orange Spotted Spinefoot (Siganus Guttatus) Fed with Mulberry Leaf (Morus Alba)
=245  \0$bby Adrian P. Tiempo and Arny S. Cabeltes
=260  \\$aCalape, Bohol
=260  \\$bBohol Island State University - Calape Campus
=260  \\$c2023
=300  \\$ax, 86 leaves
=700  \\$aArny S. Cabeltes
=876  \\$aBISU-CL-000107
=876  \\$bBISUCAL-T-2023000417
=876  \\$hFor room use only
=876  \\$jInventoried
=876  \\$tCopy 1

