=LDR  00000nam a2200000Ia 45e0
=008  250523s9999\\\\xx\\\\\\\\\\\\000\0\und\d
=100  \\$aCuabo, Heidee Y.  
=245  \0$aGrowth Performance and Survival Rate of Orange-Spotted Spinefoot (Siganus Guttatus) Using Different Feed Types Cultured in Brackishwater Pond: Its Implication to Feeding Management
=245  \0$bby Heidee Y. Cuabo, Clifford L. Caballero and Ronel Bagsoling
=260  \\$aCalape, Bohol
=260  \\$bBohol Island State University - Calape Campus
=260  \\$c2021
=300  \\$aix, 71 leaves
=700  \\$aClifford L. Caballero
=700  \\$aRonel Bagsoling
=876  \\$aBISU-CL-000108
=876  \\$bBISUCAL-T-2023000418
=876  \\$hFor room use only
=876  \\$jInventoried
=876  \\$tCopy 1

