=LDR  00000nam a2200000Ia 45e0
=008  250523s9999\\\\xx\\\\\\\\\\\\000\0\und\d
=100  \\$aAmpoan, Emmanuel P.  
=245  \0$aGrowth Rate and Survival Rate of Common Carp (Cyprinus Carpio) Using Different Amount of Diluted Honey as Feed Enhancer: Its Implication to Culture Management Program
=245  \0$bby Emmanuel P. Ampoan and Sweet Hazel Rose H. Intan
=260  \\$aCalape, Bohol
=260  \\$bBohol Island State University - Calape Campus
=260  \\$c2022
=300  \\$ax, 79 leaves
=700  \\$aSweet Hazel Rose H. Intan
=876  \\$aBISU-CL-000109
=876  \\$bBISUCAL-T-2023000419
=876  \\$hFor room use only
=876  \\$jInventoried
=876  \\$tCopy 1

