=LDR  00000nam a2200000Ia 45e0
=008  250523s9999\\\\xx\\\\\\\\\\\\000\0\und\d
=100  \\$aButal, Mildred R  
=245  \0$aIodized Salt Solution and Density Level  in Storing Caulerpa (C. Lentillifera) Basis in Post-Harvest Practices
=245  \0$bby Mildred R Butal, John Paul G. Asoy and Jelian R. Bastasa
=260  \\$aCalape, Bohol
=260  \\$bBohol Island State University - Calape Campus
=260  \\$c2018
=300  \\$aviii, 75 leaves
=700  \\$aJelian R. Bastasa
=700  \\$aJohn Paul G. Asoy
=876  \\$aBISU-CL-000110
=876  \\$bBISUCAL-T-2023000420
=876  \\$hFor room use only
=876  \\$jInventoried
=876  \\$tCopy 1

