=LDR  00000nam a2200000Ia 45e0
=008  250523s9999\\\\xx\\\\\\\\\\\\000\0\und\d
=100  \\$aOfamen, Ram Emerson L. 
=245  \0$aMonitoring and Evaluation of Eucheuma Culture in Calape Bay, Bohol, Philippines
=245  \0$bby Ram Emerson L. Ofamen, Dean Cyril V. Arsenal and Nelson G. Bolonos
=260  \\$aCalape, Bohol
=260  \\$bBohol Island State University - Calape Campus
=260  \\$c2010
=300  \\$axi, 39 leaves
=700  \\$aDean Cyril V. Arsenal
=700  \\$aNelson G. Bolonos
=876  \\$aBISU-CL-000111
=876  \\$bBISUCAL-T-2023000421
=876  \\$hFor room use only
=876  \\$jInventoried
=876  \\$tCopy 1

