=LDR  00000nam a2200000Ia 45e0
=008  250523s9999\\\\xx\\\\\\\\\\\\000\0\und\d
=100  \\$aHayag, Christy A.  
=245  \0$aPhysical Characteristics of Dog Conch (Strombus Canarium) in Matabao, Tubigon, Bohol, Philippines: Its Implication to Conservation Measures
=245  \0$bby Christy A. Hayag, Camille N. Arcala, Joan B. Bana-ay, Jessica B. Calotes and Francisco N. Cuya Jr.
=260  \\$aCalape, Bohol
=260  \\$bBohol Island State University - Calape Campus
=260  \\$c2016
=300  \\$aviii, 67 leaves
=700  \\$aCamille N. Arcala
=700  \\$aJessica B. Calotes
=700  \\$aJoan B. Bana-ay
=876  \\$aBISU-CL-000112
=876  \\$bBISUCAL-T-2023000422
=876  \\$hFor room use only
=876  \\$jInventoried
=876  \\$tCopy 1

