=LDR  00000nam a2200000Ia 45e0
=008  250523s9999\\\\xx\\\\\\\\\\\\000\0\und\d
=100  \\$aGolis, Ma. June C.
=245  \0$aPolyculture of Giant Freshwater Prawn (Macrobrachium Rosenbergii) and Nile Tilapia (Oreochromis Niloticus) in Freshwater Tank at Different Stocking Densities
=245  \0$bby Ma. June C. Golis and Ivelle Vernie T. Montero
=260  \\$aCalape, Bohol
=260  \\$bBohol Island State University - Calape Campus
=260  \\$c2021
=300  \\$aix, 86 leaves
=700  \\$aIvelle Vernie T. Montero
=876  \\$aBISU-CL-000113
=876  \\$bBISUCAL-T-2023000423
=876  \\$hFor room use only
=876  \\$jInventoried
=876  \\$tCopy 1

