=LDR  00000nam a2200000Ia 45e0
=008  250523s9999\\\\xx\\\\\\\\\\\\000\0\und\d
=100  \\$aRule, Geneveve   
=245  \0$aPost-Harvest Characteristics of Sea Urchin Gonads: Its Implication to Post-Harvest Practices
=245  \0$bby Geneveve Rule, Sherry Mae Salutan and Judelyn Mozo
=260  \\$aCalape, Bohol
=260  \\$bBohol Island State University - Calape Campus
=260  \\$c2018
=300  \\$aix, 81 leaves
=700  \\$aJudelyn Mozo
=700  \\$aSherry Mae Salutan
=876  \\$aBISU-CL-000114
=876  \\$bBISUCAL-T-2023000424
=876  \\$hFor room use only
=876  \\$jInventoried
=876  \\$tCopy 1

