=LDR  00000nam a2200000Ia 45e0
=008  250523s9999\\\\xx\\\\\\\\\\\\000\0\und\d
=100  \\$aBaguio, Warren P.  
=245  \0$aPost-Harvest Handling Practices of Spider Conch (Lambis Lambis) in Sandingan Island, Loon, Bohol: Its Implication to Conservation Measures
=245  \0$bby Warren P. Baguio, Ritchel D. Natuel and Ludelyn C. Dumaran
=260  \\$aCalape, Bohol
=260  \\$bBohol Island State University - Calape Campus
=260  \\$c2014
=300  \\$aviii, 53 leaves
=700  \\$aLudelyn C. Dumaran
=700  \\$aRitchel D. Natuel
=876  \\$aBISU-CL-000115
=876  \\$bBISUCAL-T-2023000425
=876  \\$hFor room use only
=876  \\$jInventoried
=876  \\$tCopy 1

