=LDR  00000nam a2200000Ia 45e0
=008  250523s9999\\\\xx\\\\\\\\\\\\000\0\und\d
=100  \\$aPolinar, Earl Darryl F. 
=245  \0$aPreservation of Caulerpa (Caulerpa Lentillifera) at Different Levels of Dry Salts in Room Temperature
=245  \0$bby Earl Darryl F. Polinar, Rosemarie G. Roselo and Marjune J. Belano
=260  \\$aCalape, Bohol
=260  \\$bBohol Island State University - Calape Campus
=260  \\$c2018
=300  \\$aviii, 59 leaves
=700  \\$aMarjune J. Belano
=700  \\$aRosemarie G. Roselo
=876  \\$aBISU-CL-000116
=876  \\$bBISUCAL-T-2023000426
=876  \\$hFor room use only
=876  \\$jInventoried
=876  \\$tCopy 1

