=LDR  00000nam a2200000Ia 45e0
=008  250523s9999\\\\xx\\\\\\\\\\\\000\0\und\d
=100  \\$aPalingcod, Marianeth Claire P. 
=245  \0$aPreservation of Seagrapes (Caulerpa Lentillifera) Using Different Types of Salt in Brine Solution: Its Implication to Post-Harvest Practices
=245  \0$bby Marianeth Claire P. Palingcod, Richard Q. Dumangas and Marvie L. Lumba
=260  \\$aCalape, Bohol
=260  \\$bBohol Island State University - Calape Campus
=260  \\$c2018
=300  \\$aviii, 57 leaves
=700  \\$aMarvie L. Lumba
=700  \\$aRichard Q. Dumangas
=876  \\$aBISU-CL-000117
=876  \\$bBISUCAL-T-2023000427
=876  \\$hFor room use only
=876  \\$jInventoried
=876  \\$tCopy 1

