=LDR  00000nam a2200000Ia 45e0
=008  250523s9999\\\\xx\\\\\\\\\\\\000\0\und\d
=100  \\$aPayot, Neil Y.  
=245  \0$aPreservation Techniques of Sea Grapes (Caulerpa Lentillifera) Using Different Rock Salt Solution and Thickness of Polyethylene Plastic: Its Implication to Post Harvest Practices
=245  \0$bby Neil Y. Payot, Dyna E. Naquila and Hanna Bella C. Castil
=260  \\$aCalape, Bohol
=260  \\$bBohol Island State University - Calape Campus
=260  \\$c2018
=300  \\$aviii, 71 leaves
=700  \\$aDyna E. Naquila
=700  \\$aHanna Bella C. Castil
=876  \\$aBISU-CL-000118
=876  \\$bBISUCAL-T-2023000428
=876  \\$hFor room use only
=876  \\$jInventoried
=876  \\$tCopy 1

