=LDR  00000nam a2200000Ia 45e0
=008  250523s9999\\\\xx\\\\\\\\\\\\000\0\und\d
=100  \\$aLaurden, Christian Rolan C. 
=245  \0$aPrevalence of Napoleon Wrasse Trading in the Selected Municipalities of Bohol: Basis Conservation Measures
=245  \0$bby Christian Rolan C. Laurden and Pablita C. Pelandas
=260  \\$aCalape, Bohol
=260  \\$bBohol Island State University - Calape Campus
=260  \\$c2014
=300  \\$aviii, 43 leaves
=700  \\$aPablita C. Pelandas
=876  \\$aBISU-CL-000119
=876  \\$bBISUCAL-T-2023000429
=876  \\$hFor room use only
=876  \\$jInventoried
=876  \\$tCopy 1

