=LDR  00000nam a2200000Ia 45e0
=008  250523s9999\\\\xx\\\\\\\\\\\\000\0\und\d
=100  \\$aCabangbang, Stephane Lica M. 
=245  \0$aProduction and Post-Harvest Practices of Sea Grapes (Caulerpa Lentillifera) Grower in Inabanga, Bohol: Basis for Mass Production
=245  \0$bby Stephane Lica M. Cabangbang, Matt Darnel G. Abuyador, Marian C. Bachinela and Leah L. Dinoy
=260  \\$aCalape, Bohol
=260  \\$bBohol Island State University - Calape Campus
=260  \\$c2017
=300  \\$aviii, 82 leaves
=700  \\$aLeah L. Dinoy
=700  \\$aMarian C. Bachinela
=700  \\$aMatt Darnel G. Abuyador
=876  \\$aBISU-CL-000120
=876  \\$bBISUCAL-T-2023000430
=876  \\$hFor room use only
=876  \\$jInventoried
=876  \\$tCopy 1

