=LDR  00000nam a2200000Ia 45e0
=008  250523s9999\\\\xx\\\\\\\\\\\\000\0\und\d
=100  \\$aNemenzo, Erica Mae M. 
=245  \0$aProtein Diet Sources on the Growth and Survival Rate of Blue Swimming Crab (Portunus Pelagicus) Cultured in Fattening Cages: Its Implication to Feeding Management Program
=245  \0$bby Erica Mae M. Nemenzo and Ana Marie P. Barotil
=260  \\$aCalape, Bohol
=260  \\$bBohol Island State University - Calape Campus
=260  \\$c2022
=300  \\$axi, 86 leaves
=700  \\$aAna Marie P. Barotil
=876  \\$aBISU-CL-000121
=876  \\$bBISUCAL-T-2023000431
=876  \\$hFor room use only
=876  \\$jInventoried
=876  \\$tCopy 1

