=LDR  00000nam a2200000Ia 45e0
=008  250523s9999\\\\xx\\\\\\\\\\\\000\0\und\d
=100  \\$aHibaya, Jessa Mae A. 
=245  \0$aProtein Diet Sources on the Growth and Survival Rate of Giant Gourami (Osphronemus Goramy) Cultured in Concrete Tank: Its Implication to Feeding Management Program
=245  \0$bby Jessa Mae A. Hibaya and Cyra Opiala
=260  \\$aCalape, Bohol
=260  \\$bBohol Island State University - Calape Campus
=260  \\$c2022
=300  \\$axi, 99 leaves
=700  \\$aCyra Opiala
=876  \\$aBISU-CL-000122
=876  \\$bBISUCAL-T-2023000432
=876  \\$hFor room use only
=876  \\$jInventoried
=876  \\$tCopy 1

