=LDR  00000nam a2200000Ia 45e0
=008  250523s9999\\\\xx\\\\\\\\\\\\000\0\und\d
=100  \\$aSantuyas, Lyca L.  
=245  \0$aProtein Diet Sources on the Growth Performance and Survival Rate of African Catfish (Clarias Gariepinus) Using Different Feed Types: A Proposed Feeding Management Program
=245  \0$bby Lyca L. Santuyas and Jam Marie A. Labastida
=260  \\$aCalape, Bohol
=260  \\$bBohol Island State University - Calape Campus
=260  \\$c2023
=300  \\$ax, 90 leaves
=700  \\$aJam Marie A. Labastida
=876  \\$aBISU-CL-000123
=876  \\$bBISUCAL-T-2023000433
=876  \\$hFor room use only
=876  \\$jInventoried
=876  \\$tCopy 1

