=LDR  00000nam a2200000Ia 45e0
=008  250523s9999\\\\xx\\\\\\\\\\\\000\0\und\d
=100  \\$aTacatani, Mariel T.  
=245  \0$aRoot Inducing Hormone and Urea as Fertilizers in the Growth and Survival Rate of Eucheuma (Eucheuma Cottonii) in Marine Water: Its Implication to Culture Management Program
=245  \0$bby Mariel T. Tacatani, Benjie T. Gallego, Ma. Alisa R. Libante and Jinky A. Remotige
=260  \\$aCalape, Bohol
=260  \\$bBohol Island State University - Calape Campus
=260  \\$c2017
=300  \\$ax, 82 leaves
=700  \\$aBenjie T. Gallego
=700  \\$aJinky A. Remotige
=700  \\$aMa. Alisa R. Libante
=876  \\$aBISU-CL-000124
=876  \\$bBISUCAL-T-2023000434
=876  \\$hFor room use only
=876  \\$jInventoried
=876  \\$tCopy 1

