=LDR  00000nam a2200000Ia 45e0
=008  250523s9999\\\\xx\\\\\\\\\\\\000\0\und\d
=100  \\$aLudripas, Jean L.  
=245  \0$aSalinity Stress Test of Snapping Shrimps (Alpheus Sp.): It's Implication to Culture Management Program
=245  \0$bby Jean L. Ludripas, Aizel B. Lugo and Lhorlyn C. Ramo
=260  \\$aCalape, Bohol
=260  \\$bBohol Island State University - Calape Campus
=260  \\$c2014
=300  \\$aviii, 51 leaves
=700  \\$aAizel B. Lugo
=700  \\$aLhorlyn C. Ramo
=876  \\$aBISU-CL-000125
=876  \\$bBISUCAL-T-2023000435
=876  \\$hFor room use only
=876  \\$jInventoried
=876  \\$tCopy 1

