=LDR  00000nam a2200000Ia 45e0
=008  250523s9999\\\\xx\\\\\\\\\\\\000\0\und\d
=100  \\$aManigo, Jia R.  
=245  \0$aSocio-Economic Profile and Collection Practices Used by Spider Conch (Lambis Lambis) Gatherer in the Selected Islands of Tubigon, Bohol: Its Implication to Conservation Measures
=245  \0$bby Jia R. Manigo, Neziel R. Cananea and Rafael S. Dano
=260  \\$aCalape, Bohol
=260  \\$bBohol Island State University - Calape Campus
=260  \\$c2018
=300  \\$aviii, 64 leaves
=700  \\$aNeziel R. Cananea
=700  \\$aRafael S. Dano
=876  \\$aBISU-CL-000126
=876  \\$bBISUCAL-T-2023000436
=876  \\$hFor room use only
=876  \\$jInventoried
=876  \\$tCopy 1

