=LDR  00000nam a2200000Ia 45e0
=008  250523s9999\\\\xx\\\\\\\\\\\\000\0\und\d
=100  \\$aPullitan, Jovie Trogue  
=245  \0$aSocio-Economic Profile and Production Practices Used by the Pacific Oyster (Crassostrea Gigas) Grower in the Selected Barangays of Calape, Bohol: Basis for Conservation Measure
=245  \0$bby Jovie Trogue Pullitan, John Hemson Recaza and Lani Fe Josol
=260  \\$aCalape, Bohol
=260  \\$bBohol Island State University - Calape Campus
=260  \\$c2018
=300  \\$aviii, 78 leaves
=700  \\$aJohn Hemson Recaza
=700  \\$aLani Fe Josol
=876  \\$aBISU-CL-000127
=876  \\$bBISUCAL-T-2023000437
=876  \\$hFor room use only
=876  \\$jInventoried
=876  \\$tCopy 1

