=LDR  00000nam a2200000Ia 45e0
=008  250523s9999\\\\xx\\\\\\\\\\\\000\0\und\d
=100  \\$aLeornas, Mark Jonel M.
=245  \0$aStocking Density of Climbing Perch (Anabas Testudineus) Cultured in Concrete Tank Fed with Commercial Feeds: Its Implication to Culture Management
=245  \0$bby Mark Jonel M. Leornas and Joanna Jane P. Dajunan
=260  \\$aCalape, Bohol
=260  \\$bBohol Island State University - Calape Campus
=260  \\$c2021
=300  \\$aviii, 69 leaves
=700  \\$aJoanna Jane P. Dajunan
=876  \\$aBISU-CL-000128
=876  \\$bBISUCAL-T-2023000438
=876  \\$hFor room use only
=876  \\$jInventoried
=876  \\$tCopy 1

