=LDR  00000nam a2200000Ia 45e0
=008  250523s9999\\\\xx\\\\\\\\\\\\000\0\und\d
=100  \\$aDestor, Isabel C.  
=245  \0$aStocking Density of Common Carp (Cyprinus Carpio) and Nile Tilapia (Oreochromis Niloticus) Cultured in Freshwater: Its Implication to Culture Management Program
=245  \0$bby Isabel C. Destor and Arne L. Carpenteros
=260  \\$aCalape, Bohol
=260  \\$bBohol Island State University - Calape Campus
=260  \\$c2021
=300  \\$ax, 75 leaves
=700  \\$aArne L. Carpenteros
=876  \\$aBISU-CL-000129
=876  \\$bBISUCAL-T-2023000439
=876  \\$hFor room use only
=876  \\$jInventoried
=876  \\$tCopy 1

