=LDR  00000nam a2200000Ia 45e0
=008  250523s9999\\\\xx\\\\\\\\\\\\000\0\und\d
=100  \\$aTosing, Marcela L.  
=245  \0$aStocking Density of Milkfish (Chanos Chanos) and Orange-Spotted Spinefoot (Siganus Guttatus) Cultured in Marine Floating Cage in Lawis Pangangan Island Calape, Bohol: Its Implication for Culture Management Program
=245  \0$bby Marcela L. Tosing and Christian V. Del Rio
=260  \\$aCalape, Bohol
=260  \\$bBohol Island State University - Calape Campus
=260  \\$c2021
=300  \\$aix, 75 leaves
=700  \\$aChristian V. Del Rio
=876  \\$aBISU-CL-000130
=876  \\$bBISUCAL-T-2023000440
=876  \\$hFor room use only
=876  \\$jInventoried
=876  \\$tCopy 1

