=LDR  00000nam a2200000Ia 45e0
=008  250523s9999\\\\xx\\\\\\\\\\\\000\0\und\d
=100  \\$aMante, Irish A.  
=245  \0$aStructural and Management Practices of Fishpond Operators in the Municipality of Calape, Bohol: A Proposed Production Management Program
=245  \0$bby Irish A. Mante, Francisco A. Hurboda Jr. and Joshua Kim P. Orion
=260  \\$aCalape, Bohol
=260  \\$bBohol Island State University - Calape Campus
=260  \\$c2015
=300  \\$aviii, 62 leaves
=700  \\$aFrancisco A. Hurboda Jr.
=700  \\$aJoshua Kim P. Orion
=876  \\$aBISU-CL-000131
=876  \\$bBISUCAL-T-2023000441
=876  \\$hFor room use only
=876  \\$jInventoried
=876  \\$tCopy 1

