=LDR  00000nam a2200000Ia 45e0
=008  250523s9999\\\\xx\\\\\\\\\\\\000\0\und\d
=100  \\$aAndoy, Jenisa I.  
=245  \0$aSupply Chain of Snapping Shrimp (Alpheus Sp.) in Selected Barangay of Calape, Bohol: Basis for its Culture Management Practices
=245  \0$bby Jenisa I. Andoy, Peter Paul I. Aparilla and Airen Y. Baquial
=260  \\$aCalape, Bohol
=260  \\$bBohol Island State University - Calape Campus
=260  \\$c2014
=300  \\$aviii, 55 leaves
=700  \\$aAiren Y. Baquial
=700  \\$aPeter Paul I. Aparilla
=876  \\$aBISU-CL-000132
=876  \\$bBISUCAL-T-2023000442
=876  \\$hFor room use only
=876  \\$jInventoried
=876  \\$tCopy 1

