=LDR  00000nam a2200000Ia 45e0
=008  250523s9999\\\\xx\\\\\\\\\\\\000\0\und\d
=100  \\$aSamijon, Debie Marie N.
=245  \0$aSurvival Rate and Transportation Cost of Milkfish Fingerlings at Different Locations in the Northwestern Part of Bohol
=245  \0$bby Debie Marie N. Samijon, Shalel I. Aparilla and Bryan C. Alcala
=260  \\$aCalape, Bohol
=260  \\$bBohol Island State University - Calape Campus
=260  \\$c2015
=300  \\$aviii, 64 leaves
=700  \\$aBryan C. Alcala
=700  \\$aShalel I. Aparilla
=876  \\$aBISU-CL-000133
=876  \\$bBISUCAL-T-2023000443
=876  \\$hFor room use only
=876  \\$jInventoried
=876  \\$tCopy 1

