=LDR  00000nam a2200000Ia 45e0
=008  250523s9999\\\\xx\\\\\\\\\\\\000\0\und\d
=100  \\$aDevenosa, Ma. Cresty O.
=245  \0$aSurvival Rate of Giant Freshwater Prawn (Macrobrachium Rosenbergii) During Acclimitization Stage Fed with Supplemental Diets in Improvised Tanks
=245  \0$bby Ma. Cresty O. Devenosa and Erwin B. Caingles
=260  \\$aCalape, Bohol
=260  \\$bBohol Island State University - Calape Campus
=260  \\$c2022
=300  \\$ax, 92 leaves
=700  \\$aErwin B. Caingles
=876  \\$aBISU-CL-000134
=876  \\$bBISUCAL-T-2023000444
=876  \\$hFor room use only
=876  \\$jInventoried
=876  \\$tCopy 1

