=LDR  00000nam a2200000Ia 45e0
=008  250523s9999\\\\xx\\\\\\\\\\\\000\0\und\d
=100  \\$aBitoin, Eduardo O. JR
=245  \4$aThe Growth Rate of Common Carp (Cyprinus Carpio) Fed with Commercial Feeds of  Different Feeding Rate
=245  \0$bby Eduardo O. Bitoin, Jr. and Berlito D. Buladaco
=260  \\$aCalape, Bohol
=260  \\$bBohol Island State University - Calape Campus
=260  \\$c2005
=300  \\$axi, 56 leaves
=700  \\$aBerlito D. Buladaco
=876  \\$aBISU-CL-000135
=876  \\$bBISUCAL-T-2023000445
=876  \\$hFor room use only
=876  \\$jInventoried
=876  \\$tCopy 1

