=LDR  00000nam a2200000Ia 45e0
=008  250523s9999\\\\xx\\\\\\\\\\\\000\0\und\d
=100  \\$aRulona, Gina 
=245  \4$aThe Population of Sea Cucumber (Holothuria SP) in the Coastal Barangays of Calape, Bohol: Its Implication to Rehabilitation Program
=245  \0$bby Gina Rulona, Michael Corda, Roswell Villorejo and Harold Jay Poquita
=260  \\$aCalape, Bohol
=260  \\$bBohol Island State University - Calape Campus
=260  \\$c2010
=300  \\$axii, 50 leaves
=700  \\$aHarold Jay Poquita
=700  \\$aMichael Corda
=700  \\$aRoswell Villorejo
=876  \\$aBISU-CL-000136
=876  \\$bBISUCAL-T-2023000446
=876  \\$hFor room use only
=876  \\$jInventoried
=876  \\$tCopy 1

