=LDR  00000nam a2200000Ia 45e0
=008  250523s9999\\\\xx\\\\\\\\\\\\000\0\und\d
=100  \\$aDano, Feb Regeem  
=245  \4$aThe Use of Available Dried Plant Leaf as Feeds in the Culture of Common Carp (Cyprinus Carpio) Using an Improvised Tank: For Proposed Feeding Program
=245  \0$bby Feb Regeem Dano and Mary Jane Dumaguit
=260  \\$aCalape, Bohol
=260  \\$bBohol Island State University - Calape Campus
=260  \\$c2022
=300  \\$axi, 76 leaves
=700  \\$aMary Jane Dumaguit
=876  \\$aBISU-CL-000137
=876  \\$bBISUCAL-T-2023000447
=876  \\$hFor room use only
=876  \\$jInventoried
=876  \\$tCopy 1

