=LDR  00000nam a2200000Ia 45e0
=008  250523s9999\\\\xx\\\\\\\\\\\\000\0\und\d
=100  \\$aBarbosa, Rica B.  
=245  \4$aThe Use of Available Feeds in the Growth and Survival rate of Orange Spotted Spinefoot (Siganus Guttatus) in Brackishwater Pond: Its Implication to Culture Management Program
=245  \0$bby Rica B. Barbosa, Rubie T. Virador and Faith Angelie B. Inot
=260  \\$aCalape, Bohol
=260  \\$bBohol Island State University - Calape Campus
=260  \\$c2018
=300  \\$aviii, 68 leaves
=700  \\$aFaith Angelie B. Inot
=700  \\$aRubie T. Virador
=876  \\$aBISU-CL-000138
=876  \\$bBISUCAL-T-2023000448
=876  \\$hFor room use only
=876  \\$jInventoried
=876  \\$tCopy 1

