=LDR  00000nam a2200000Ia 45e0
=008  250523s9999\\\\xx\\\\\\\\\\\\000\0\und\d
=100  \\$aBuszon, Rogielisa
=245  \4$aThe Use of Commonly Available Feeds for the Growth and Survival Rate of Snapping Shrimps (Alpheus Sp.) in Bamboo Cage: Its Implication to Feeding Management Program
=245  \0$bby Rogielisa Buszon, Ariel S. Dolaota, Aimee W. Calabria, Warren B. Rivera and Joy Christine J. Ruloma
=260  \\$aCalape, Bohol
=260  \\$bBohol Island State University - Calape Campus
=260  \\$c2017
=300  \\$aviii, 79 leaves
=700  \\$aAimee W. Calabria
=700  \\$aAriel S. Dolaota
=700  \\$aWarren B. Rivera
=876  \\$aBISU-CL-000139
=876  \\$bBISUCAL-T-2023000449
=876  \\$hFor room use only
=876  \\$jInventoried
=876  \\$tCopy 1

