=LDR  00000nam a2200000Ia 45e0
=008  250523s9999\\\\xx\\\\\\\\\\\\000\0\und\d
=100  \\$aOrillosa, Marvin John V. 
=245  \4$aThe Use of Commonly Available Feeds in the Growth and Survival Rate of Giant Freshwater Prawn (Machrobrachium Rosenbergii) in Tanks: Its Implication to Feeding Program
=245  \0$bby Marvin John V. Orillosa and Jessa Mae J. Ruloma
=260  \\$aCalape, Bohol
=260  \\$bBohol Island State University - Calape Campus
=260  \\$c2022
=300  \\$ax, 76 leaves
=700  \\$aJessa Mae J. Ruloma
=876  \\$aBISU-CL-000140
=876  \\$bBISUCAL-T-2023000450
=876  \\$hFor room use only
=876  \\$jInventoried
=876  \\$tCopy 1

