=LDR  00000nam a2200000Ia 45e0
=008  250523s9999\\\\xx\\\\\\\\\\\\000\0\und\d
=100  \\$aLagrimas, Jam Alphie C.
=245  \4$aThe Use of Crab Pots with Baits in Mangrove Area of Calape, Bohol: Basis for Capture Management Program
=245  \0$bby Jam Alphie C. Lagrimas, Gladys F. Tayros, Almira C. Cuanan and Lilet A. Olivar
=260  \\$aCalape, Bohol
=260  \\$bBohol Island State University - Calape Campus
=260  \\$c2016
=300  \\$ax, 72 leaves
=700  \\$aAlmira C. Cuanan
=700  \\$aGladys F. Tayros
=700  \\$aLilet A. Olivar
=876  \\$aBISU-CL-000141
=876  \\$bBISUCAL-T-2023000451
=876  \\$hFor room use only
=876  \\$jInventoried
=876  \\$tCopy 1

