=LDR  00000nam a2200000Ia 45e0
=008  250523s9999\\\\xx\\\\\\\\\\\\000\0\und\d
=100  \\$aLumagod, Ruel G.  
=245  \4$aThe Use of Different Baits in Capturing Fish Using Double Way Fish Trap in Abucayan Sur Calape, Bohol: Its Implication to Capture Management Program
=245  \0$bby Ruel G. Lumagod and Judy Ann T. Tulaylay
=260  \\$aCalape, Bohol
=260  \\$bBohol Island State University - Calape Campus
=260  \\$c2021
=300  \\$aix, 64 leaves
=700  \\$aJudy Ann T. Tulaylay
=876  \\$aBISU-CL-000142
=876  \\$bBISUCAL-T-2023000452
=876  \\$hFor room use only
=876  \\$jInventoried
=876  \\$tCopy 1

