=LDR  00000nam a2200000Ia 45e0
=008  250523s9999\\\\xx\\\\\\\\\\\\000\0\und\d
=100  \\$aEronico, Samuel E. Jr. 
=245  \4$aThe Use of Different Colors of Plastic Container Crab Pot in Selected Barangay of Calape, Bohol: Its Implication for Capture Management Program
=245  \0$bby Samuel E. Eronico Jr., Jessilyn D. Pitao and Marites D. Panganuron
=260  \\$aCalape, Bohol
=260  \\$bBohol Island State University - Calape Campus
=260  \\$c2018
=300  \\$aix, 63 leaves
=700  \\$aJessilyn D. Pitao
=700  \\$aMarites D. Panganuron
=876  \\$aBISU-CL-000143
=876  \\$bBISUCAL-T-2023000453
=876  \\$hFor room use only
=876  \\$jInventoried
=876  \\$tCopy 1

