=LDR  00000nam a2200000Ia 45e0
=008  250523s9999\\\\xx\\\\\\\\\\\\000\0\und\d
=100  \\$aCabuga, Jefford  
=245  \4$aThe Use of Different Commercial Feeds in the Growth and Survival Rate of Cultured African Catfish (Clarias Gariepinus): Its Implication to Feeding Management Program
=245  \0$bby Jefford Cabuga, Haedie Jaganas and Marino Opiar
=260  \\$aCalape, Bohol
=260  \\$bBohol Island State University - Calape Campus
=260  \\$c2018
=300  \\$aix, 83 leaves
=700  \\$aHaedie Jaganas
=700  \\$aMarino Opiar
=876  \\$aBISU-CL-000144
=876  \\$bBISUCAL-T-2023000454
=876  \\$hFor room use only
=876  \\$jInventoried
=876  \\$tCopy 1

