=LDR  00000nam a2200000Ia 45e0
=008  250523s9999\\\\xx\\\\\\\\\\\\000\0\und\d
=100  \\$aBaquiran, Christian Louie N.
=245  \4$aThe Use of Different Feed as Baits in the Fish Corral in Pangangan, Calape, Bohol: Its Implication to Capture Fisheries
=245  \0$bby Christian Louie N. Baquiran, Anastacio H. Rule Jr. and Janice A. Madura
=260  \\$aCalape, Bohol
=260  \\$bBohol Island State University - Calape Campus
=260  \\$c2018
=300  \\$aviii, 64 leaves
=700  \\$aAnastacio H. Rule Jr.
=700  \\$aJanice A. Madura
=876  \\$aBISU-CL-000145
=876  \\$bBISUCAL-T-2023000455
=876  \\$hFor room use only
=876  \\$jInventoried
=876  \\$tCopy 1

