=LDR  00000nam a2200000Ia 45e0
=008  250523s9999\\\\xx\\\\\\\\\\\\000\0\und\d
=100  \\$aEcarma, Mavel L.  
=245  \4$aThe Use of Different Types of Feeds for the Siganids (Siganus Guttatus) Cultured in Brackishwater Pond: Its Implication to Feeding Management Program
=245  \0$bby Mavel L. Ecarma, Mariel C. Valleser and Justine A. Villorejo
=260  \\$aCalape, Bohol
=260  \\$bBohol Island State University - Calape Campus
=260  \\$c2018
=300  \\$aviii, 58 leaves
=700  \\$aJustine A. Villorejo
=700  \\$aMariel C. Valleser
=876  \\$aBISU-CL-000146
=876  \\$bBISUCAL-T-2023000456
=876  \\$hFor room use only
=876  \\$jInventoried
=876  \\$tCopy 1

