=LDR  00000nam a2200000Ia 45e0
=008  250523s9999\\\\xx\\\\\\\\\\\\000\0\und\d
=100  \\$aRuloma, Justine C.  
=245  \4$aThe Use of Fermented Mulberry Leaves (Morus Alba) Extract on Growth Performance and Survival Rate of Common Carp (Cyprinus Carpio)
=245  \0$bby Justine C. Ruloma and Chenny Cubio
=260  \\$aCalape, Bohol
=260  \\$bBohol Island State University - Calape Campus
=260  \\$c2023
=300  \\$ax, 72 leaves
=700  \\$aChenny Cubio
=876  \\$aBISU-CL-000147
=876  \\$bBISUCAL-T-2023000457
=876  \\$hFor room use only
=876  \\$jInventoried
=876  \\$tCopy 1

