=LDR  00000nam a2200000Ia 45e0
=008  250523s9999\\\\xx\\\\\\\\\\\\000\0\und\d
=100  \\$aYtac, Anjanette P.  
=245  \4$aThe Use of Fish Aggregating Device with Fish Trap as Artificial Reefs for Marine Fishes in Pangangan, Calape, Bohol: Its Implication to Capture Management Program
=245  \0$bby Anjanette P. Ytac, Jelly Mae O. Suello and Eduardo L. Rulona Jr.
=260  \\$aCalape, Bohol
=260  \\$bBohol Island State University - Calape Campus
=260  \\$c2018
=300  \\$aix, 70 leaves
=700  \\$aEduardo L. Rulona Jr.
=700  \\$aJelly Mae O. Suello
=876  \\$aBISU-CL-000148
=876  \\$bBISUCAL-T-2023000458
=876  \\$hFor room use only
=876  \\$jInventoried
=876  \\$tCopy 1

