=LDR  00000nam a2200000Ia 45e0
=008  250523s9999\\\\xx\\\\\\\\\\\\000\0\und\d
=100  \\$aPerez, Runnie  
=245  \4$aThe Use of Fish Entrails as a Source of Protein Diets in the Culture of Mangrove Crab (Scyylla Serrata) in a Cage of Brackishwater Pond: Basis for Feeding Management Program
=245  \0$bby Runnie Perez, Rubie Mae Pedarios and Jenalyn Libron
=260  \\$aCalape, Bohol
=260  \\$bBohol Island State University - Calape Campus
=260  \\$c2018
=300  \\$aviii, 64 leaves
=700  \\$aJenalyn Libron
=700  \\$aRubie Mae Pedarios
=876  \\$aBISU-CL-000149
=876  \\$bBISUCAL-T-2023000459
=876  \\$hFor room use only
=876  \\$jInventoried
=876  \\$tCopy 1

