=LDR  00000nam a2200000Ia 45e0
=008  250523s9999\\\\xx\\\\\\\\\\\\000\0\und\d
=100  \\$aGarces, Suzaen Anjelica Q. 
=245  \4$aThe Use of Fish Trap with Different types of Baits: Basis for Capture Management Program
=245  \0$bby Suzaen Anjelica Q. Garces, Ana Mae A. Evangelista, Mary Cris A. Ybanez and Mark Anthony A. Tomo
=260  \\$aCalape, Bohol
=260  \\$bBohol Island State University - Calape Campus
=260  \\$c2016
=300  \\$aix, 68 leaves
=700  \\$aAna Mae A. Evangelista
=700  \\$aMark Anthony A. Tomo
=700  \\$aMary Cris A. Ybanez
=876  \\$aBISU-CL-000150
=876  \\$bBISUCAL-T-2023000460
=876  \\$hFor room use only
=876  \\$jInventoried
=876  \\$tCopy 1

