=LDR  00000nam a2200000Ia 45e0
=008  250523s9999\\\\xx\\\\\\\\\\\\000\0\und\d
=100  \\$aOrillosa, Geraldine A.  
=245  \4$aThe Use of Locally Available Fish Aggregating Device with Fish Trap in Mantatao Island, Calape, Bohol: Its Basis for Capture Management Program
=245  \0$bby Geraldine A. Orillosa, Bill Dexter S. Flores, Rhejey M. Reguya and Quennie Rose C. Ruloma
=260  \\$aCalape, Bohol
=260  \\$bBohol Island State University - Calape Campus
=260  \\$c2017
=300  \\$aviii, 74 leaves
=700  \\$aBill Dexter S. Flores
=700  \\$aQuennie Rose C. Ruloma
=700  \\$aRhejey M. Reguya
=876  \\$aBISU-CL-000151
=876  \\$bBISUCAL-T-2023000461
=876  \\$hFor room use only
=876  \\$jInventoried
=876  \\$tCopy 1

