=LDR  00000nam a2200000Ia 45e0
=008  250523s9999\\\\xx\\\\\\\\\\\\000\0\und\d
=100  \\$aRublico, Ma. Laura C.
=245  \4$aThe Use of Modified Crab Lift in Capturing Crabs in the Selected Mangrove Areas of Calape, Bohol: Its Implication to Capture Management Program
=245  \0$bby Ma. Laura C. Rublico, Grecela C. Bonon and John Kenneth F. Fullante
=260  \\$aCalape, Bohol
=260  \\$bBohol Island State University - Calape Campus
=260  \\$c2018
=300  \\$aix, 63 leaves
=700  \\$aGrecela C. Bonon
=700  \\$aJohn Kenneth F. Fullante
=876  \\$aBISU-CL-000152
=876  \\$bBISUCAL-T-2023000462
=876  \\$hFor room use only
=876  \\$jInventoried
=876  \\$tCopy 1

