=LDR  00000nam a2200000Ia 45e0
=008  250523s9999\\\\xx\\\\\\\\\\\\000\0\und\d
=100  \\$aOmosura, Jefferson A.  
=245  \4$aThe Use of Organic and Inorganic Fertilizer in the Growth and Survival of Caulerpa (Caulerpa Lentillifera) in Brackishwater: Its Implication to Culture Management Program
=245  \0$bby Jefferson A. Omosura, Melanie C. Antaran, Jolina A. Castaneros, Joann L. Leones and Nelson Maglupay
=260  \\$aCalape, Bohol
=260  \\$bBohol Island State University - Calape Campus
=260  \\$c2017
=300  \\$aix, 73 leaves
=700  \\$aJoann L. Leones
=700  \\$aJolina A. Castaneros
=700  \\$aMelanie C. Antaran
=876  \\$aBISU-CL-000153
=876  \\$bBISUCAL-T-2023000463
=876  \\$hFor room use only
=876  \\$jInventoried
=876  \\$tCopy 1

