=LDR  00000nam a2200000Ia 45e0
=008  250523s9999\\\\xx\\\\\\\\\\\\000\0\und\d
=100  \\$aLogrono, Eva Alleyah T.
=245  \4$aThe Use of Plastic Eel Pots with Different Types of Baits in Selected Sites of Pangangan, Calape, Bohol: Basis for Capture Management Program
=245  \0$bby Eva Alleyah T. Logrono, Rhea Mae E. Evangelista and Jujiephone B. Villorejo
=260  \\$aCalape, Bohol
=260  \\$bBohol Island State University - Calape Campus
=260  \\$c2018
=300  \\$aix, 58 leaves
=700  \\$aJujiephone B. Villorejo
=700  \\$aRhea Mae E. Evangelista
=876  \\$aBISU-CL-000154
=876  \\$bBISUCAL-T-2023000464
=876  \\$hFor room use only
=876  \\$jInventoried
=876  \\$tCopy 1

