=LDR  00000nam a2200000Ia 45e0
=008  250523s9999\\\\xx\\\\\\\\\\\\000\0\und\d
=100  \\$aCastilla, Mark Viencent  
=245  \4$aThe Use of Ragworms as Protein Diet Source on the Growth and Survival Rate of African Catfish (Clarias Gariepinus) Cultured in Freshwater Tanks: Its Implication to Feeding Management Program
=245  \0$bby Mark Viencent Castilla and Jonyl Janohan
=260  \\$aCalape, Bohol
=260  \\$bBohol Island State University - Calape Campus
=260  \\$c2023
=300  \\$axi, 90 leaves
=700  \\$aJonyl Janohan
=876  \\$aBISU-CL-000155
=876  \\$bBISUCAL-T-2023000465
=876  \\$hFor room use only
=876  \\$jInventoried
=876  \\$tCopy 1

