=LDR  00000nam a2200000Ia 45e0
=008  250523s9999\\\\xx\\\\\\\\\\\\000\0\und\d
=100  \\$aCalimbo, Ideza G.  
=245  \4$aThe Use of Recirculating Aquaponic System in the Growth and Survival Rate of Koi Carp (Cyprinus Rubrofuscus) with Water Spinach (Ipomoea Aquatica) Using Different Feed Types: Its Implication to Culture Management Program
=245  \0$bby Ideza G. Calimbo and Ronnel C. Pios
=260  \\$aCalape, Bohol
=260  \\$bBohol Island State University - Calape Campus
=260  \\$c2021
=300  \\$aviii, 88 leaves
=700  \\$aRonnel C. Pios
=876  \\$aBISU-CL-000156
=876  \\$bBISUCAL-T-2023000466
=876  \\$hFor room use only
=876  \\$jInventoried
=876  \\$tCopy 1

