=LDR  00000nam a2200000Ia 45e0
=008  250523s9999\\\\xx\\\\\\\\\\\\000\0\und\d
=100  \\$aSuba-an, Noreen D.  
=245  \4$aThe Utilization of Papaya Seed and Sunflower Seed on the Growth and Survival of Common Carp (Cyprinus Carpio) in Improvised Tank
=245  \0$bby Noreen D. Suba-an and Ana Rose T. Aguanza
=260  \\$aCalape, Bohol
=260  \\$bBohol Island State University - Calape Campus
=260  \\$c2022
=300  \\$ax, 83 leaves
=700  \\$aAna Rose T. Aguanza
=876  \\$aBISU-CL-000157
=876  \\$bBISUCAL-T-2023000467
=876  \\$hFor room use only
=876  \\$jInventoried
=876  \\$tCopy 1

