=LDR  00000nam a2200000Ia 45e0
=008  250523s9999\\\\xx\\\\\\\\\\\\000\0\und\d
=100  \\$aTutor, Raygie G.  
=245  \0$aUtilization of Different Commercial Feeds on the Growth and Survival Rate of Giant Tiger Prawn (Penaeus Monodon Fabricius)
=245  \0$bby Raygie G. Tutor, Ruel P. Barcon, Elmer A. Bahinting and Loricyl A. Angco
=260  \\$aCalape, Bohol
=260  \\$bBohol Island State University - Calape Campus
=260  \\$c2007
=300  \\$axii, 76 leaves
=700  \\$aElmer A. Bahinting
=700  \\$aLoricyl A. Angco
=700  \\$aRuel P. Barcon
=876  \\$aBISU-CL-000158
=876  \\$bBISUCAL-T-2023000468
=876  \\$hFor room use only
=876  \\$jInventoried
=876  \\$tCopy 1

