=LDR  00000nam a2200000Ia 45e0
=008  250523s9999\\\\xx\\\\\\\\\\\\000\0\und\d
=100  \\$aJabines, Jeselle M.  
=245  \0$aUtilization of Different Fermented Products as Growth enhancer in the Culture of African Catfish (Clarias Gariepinus): Its Implication to Feeding Management Program
=245  \0$bby Jeselle M. Jabines and Joey C. Dumale
=260  \\$aCalape, Bohol
=260  \\$bBohol Island State University - Calape Campus
=260  \\$c2022
=300  \\$ax, 89 leaves
=700  \\$aJoey C. Dumale
=876  \\$aBISU-CL-000159
=876  \\$bBISUCAL-T-2023000469
=876  \\$hFor room use only
=876  \\$jInventoried
=876  \\$tCopy 1

