=LDR  00000nam a2200000Ia 45e0
=008  250523s9999\\\\xx\\\\\\\\\\\\000\0\und\d
=100  \\$aC., Grace Mae Locep 
=245  \0$aUtilization of Jackfruit Seed Meal in the Growth and Survival Rate of African Catfish (Clarias Gariepinus)
=245  \0$bby Grace Mae C. Locep and Al Jhun G. Omusora
=260  \\$aCalape, Bohol
=260  \\$bBohol Island State University - Calape Campus
=260  \\$c2022
=300  \\$axi, 92 leaves
=700  \\$aAl Jhun G. Omusora
=876  \\$aBISU-CL-000160
=876  \\$bBISUCAL-T-2023000470
=876  \\$hFor room use only
=876  \\$jInventoried
=876  \\$tCopy 1

