=LDR  00000nam a2200000Ia 45e0
=008  250523s9999\\\\xx\\\\\\\\\\\\000\0\und\d
=100  \\$aLamoste, Russelmark D.  
=245  \0$aUtilization of Leaf Protein Sources on the Growth and Survival Rate of Common Carp (Cyprinus Carpio): Its Implication to Feeding Management Program
=245  \0$bby Russelmark D. Lamoste and James Ryan B. Corsiga
=260  \\$aCalape, Bohol
=260  \\$bBohol Island State University - Calape Campus
=260  \\$c2023
=300  \\$ax, 69 leaves
=700  \\$aJames Ryan B. Corsiga
=876  \\$aBISU-CL-000161
=876  \\$bBISUCAL-T-2023000471
=876  \\$hFor room use only
=876  \\$jInventoried
=876  \\$tCopy 1

